timestamp,price,volume
2025-11-17T23:33:18.135099Z,91749.99,0.00915181
2025-11-17T23:33:19.257535Z,91749.99,1.587e-05
2025-11-17T23:33:19.257535Z,91747.86,1.41e-06
2025-11-17T23:33:19.257535Z,91747.86,1.52e-06
2025-11-17T23:33:19.257535Z,91744.2,0.01089987
2025-11-17T23:33:19.257535Z,91743.48,1.2e-05
2025-11-17T23:33:19.257535Z,91742.13,0.10900117
2025-11-17T23:33:19.257535Z,91741.71,0.01090006
2025-11-17T23:33:19.257535Z,91741.29,0.0003681
2025-11-17T23:33:19.264575Z,91744.0,0.0010789
2025-11-17T23:33:19.875487Z,91743.88,0.05942801
2025-11-17T23:33:19.878096Z,91743.88,0.00296431
2025-11-17T23:33:19.878225Z,91743.88,0.00014031
2025-11-17T23:33:19.879507Z,91743.88,0.00144151
2025-11-17T23:33:19.880189Z,91743.88,0.01308085
2025-11-17T23:33:19.880190Z,91743.88,0.01490301
2025-11-17T23:33:20.129030Z,91754.0,0.00211815
2025-11-17T23:33:20.865365Z,91748.68,0.01089933
2025-11-17T23:33:20.865365Z,91748.68,3.38e-05
2025-11-17T23:33:20.865365Z,91745.97,2.147e-05
2025-11-17T23:33:20.865365Z,91745.96,0.0980554
2025-11-17T23:33:22.472965Z,91747.99,0.00134
2025-11-17T23:33:23.308245Z,91748.0,0.00105928
2025-11-17T23:33:23.707750Z,91753.99,0.005
2025-11-17T23:33:23.797999Z,91754.0,0.002
2025-11-17T23:33:23.857194Z,91754.2,0.01059038
2025-11-17T23:33:23.964460Z,91754.2,5.395e-05
2025-11-17T23:33:24.017881Z,91754.2,0.00516935
2025-11-17T23:33:24.085362Z,91754.0,0.0108987
2025-11-17T23:33:24.085362Z,91753.54,0.0020513
2025-11-17T23:33:24.297247Z,91754.0,0.0108987
2025-11-17T23:33:24.390852Z,91754.4,0.057217
2025-11-17T23:33:24.589306Z,91754.59,0.00018588
2025-11-17T23:33:24.589306Z,91754.93,7.891e-05
2025-11-17T23:33:24.618985Z,91756.62,1.2e-05
2025-11-17T23:33:24.618985Z,91758.1,0.00074153
2025-11-17T23:33:24.708238Z,91758.1,0.00051679
2025-11-17T23:33:24.979852Z,91758.09,3.887e-05
2025-11-17T23:33:25.678316Z,91758.09,0.0109
2025-11-17T23:33:25.710757Z,91758.09,6.322e-05
2025-11-17T23:33:26.014162Z,91758.1,2.428e-05
2025-11-17T23:33:26.159364Z,91758.1,7.76e-06
2025-11-17T23:33:26.398333Z,91758.1,0.00010337
2025-11-17T23:33:26.466107Z,91758.1,0.00010789
2025-11-17T23:33:26.575410Z,91758.1,0.00036866
2025-11-17T23:33:26.575410Z,91758.1,0.00021182
2025-11-17T23:33:26.575772Z,91758.1,0.00026976
2025-11-17T23:33:26.892442Z,91758.08,0.01089822
2025-11-17T23:33:26.892442Z,91758.07,0.02312603
2025-11-17T23:33:26.892442Z,91757.63,0.01089828
2025-11-17T23:33:26.892442Z,91754.96,0.04507747
2025-11-17T23:33:27.019383Z,91758.08,0.02118461
2025-11-17T23:33:27.061933Z,91758.08,2.072e-05
2025-11-17T23:33:27.298862Z,91752.01,1.412e-05
2025-11-17T23:33:27.298862Z,91752.0,0.00107713
2025-11-17T23:33:27.298862Z,91751.62,0.01089898
2025-11-17T23:33:27.298862Z,91751.54,0.010899
2025-11-17T23:33:27.298862Z,91747.99,5.12e-06
2025-11-17T23:33:27.298862Z,91747.86,1.2e-05
2025-11-17T23:33:27.298862Z,91747.55,0.00022365
2025-11-17T23:33:27.493362Z,91752.0,7.76e-06
2025-11-17T23:33:27.557557Z,91752.0,0.00107904
2025-11-17T23:33:27.697111Z,91752.0,0.00021182
2025-11-17T23:33:27.865607Z,91752.0,5.125e-05
2025-11-17T23:33:27.955936Z,91752.0,3.097e-05
2025-11-17T23:33:28.086506Z,91752.0,1.079e-05
2025-11-17T23:33:28.346845Z,91752.0,0.00031012
2025-11-17T23:33:28.531442Z,91752.0,1.079e-05
2025-11-17T23:33:28.570678Z,91752.0,0.00211836
2025-11-17T23:33:28.894258Z,91751.99,1.29e-05
2025-11-17T23:33:28.894258Z,91751.99,2.167e-05
2025-11-17T23:33:28.894258Z,91751.99,4.57e-06
2025-11-17T23:33:28.894258Z,91751.97,0.02312756
2025-11-17T23:33:28.894258Z,91751.53,0.010899
2025-11-17T23:33:28.894258Z,91751.33,0.01089902
2025-11-17T23:33:28.894258Z,91747.68,0.06402528
2025-11-17T23:33:28.915974Z,91752.0,0.00026976
2025-11-17T23:33:29.248545Z,91752.0,0.00010521
2025-11-17T23:33:29.289263Z,91752.0,8.09e-06
2025-11-17T23:33:30.491331Z,91751.99,1.74e-06
2025-11-17T23:33:30.491331Z,91744.94,0.01089978
2025-11-17T23:33:30.491331Z,91743.48,1.2e-05
2025-11-17T23:33:30.491331Z,91743.36,0.09808648
2025-11-17T23:33:30.592803Z,91744.0,0.00264797
2025-11-17T23:33:30.797864Z,91745.99,0.00509028
2025-11-17T23:33:30.797864Z,91745.99,0.00189028
2025-11-17T23:33:30.797864Z,91746.0,0.0164
2025-11-17T23:33:30.797864Z,91750.48,0.00132454
2025-11-17T23:33:30.797864Z,91751.93,0.01415133
2025-11-17T23:33:30.797864Z,91751.94,0.00249525
2025-11-17T23:33:32.072093Z,91747.98,0.00138
2025-11-17T23:33:32.108170Z,91747.99,0.00326205
2025-11-17T23:33:32.263001Z,91747.99,0.00529525
2025-11-17T23:33:32.326297Z,91747.99,0.00335242
2025-11-17T23:33:32.326297Z,91747.99,0.00181606
2025-11-17T23:33:32.820336Z,91758.09,3.256e-05
2025-11-17T23:33:32.825567Z,91758.09,0.0001079
2025-11-17T23:33:33.108944Z,91758.1,0.00021182
2025-11-17T23:33:33.140587Z,91758.1,0.01031032
2025-11-17T23:33:33.140587Z,91758.1,0.00018608
2025-11-17T23:33:33.140587Z,91759.34,0.00108979
2025-11-17T23:33:33.140587Z,91761.0,1.2e-05
2025-11-17T23:33:33.140587Z,91764.0,0.0164
2025-11-17T23:33:33.140587Z,91764.88,0.02555441
2025-11-17T23:33:33.296901Z,91762.58,1.169e-05
2025-11-17T23:33:33.323391Z,91764.0,0.0007553
2025-11-17T23:33:33.663436Z,91761.97,0.1089776
2025-11-17T23:33:33.663436Z,91759.38,2.24e-05
2025-11-17T23:33:33.695071Z,91763.93,0.00269749
2025-11-17T23:33:33.830434Z,91764.17,0.000225
2025-11-17T23:33:34.333294Z,91763.99,0.0001343
2025-11-17T23:33:34.333294Z,91763.99,0.00067495
2025-11-17T23:33:34.778753Z,91763.99,0.0002793
2025-11-17T23:33:34.778753Z,91763.99,0.00025027
2025-11-17T23:33:35.186386Z,91763.99,0.05413884
2025-11-17T23:33:35.186923Z,91763.99,0.00024536
2025-11-17T23:33:35.188746Z,91763.99,0.00124453
2025-11-17T23:33:35.188746Z,91763.99,9.343e-05
2025-11-17T23:33:35.260354Z,91765.37,0.09093
2025-11-17T23:33:35.260354Z,91765.37,0.01089735
2025-11-17T23:33:35.260354Z,91765.35,0.02312419
2025-11-17T23:33:35.260354Z,91762.01,0.00624846
2025-11-17T23:33:35.559647Z,91765.38,1.2e-05
2025-11-17T23:33:35.559647Z,91765.38,0.000142
2025-11-17T23:33:35.559647Z,91769.76,1.2e-05
2025-11-17T23:33:35.559647Z,91769.99,0.020813
2025-11-17T23:33:35.559647Z,91770.0,0.0164
2025-11-17T23:33:35.559647Z,91771.64,0.01557789
2025-11-17T23:33:35.646939Z,91769.89,0.00062214
2025-11-17T23:33:35.828756Z,91769.9,0.00105912
2025-11-17T23:33:36.858087Z,91769.89,3.59e-06
2025-11-17T23:33:36.858087Z,91769.89,3.48e-06
2025-11-17T23:33:36.858087Z,91769.87,0.01854293
2025-11-17T23:33:37.821232Z,91769.9,0.00084339
2025-11-17T23:33:38.353418Z,91769.89,2.61e-06
2025-11-17T23:33:38.353418Z,91769.89,2.5e-06
2025-11-17T23:33:38.353418Z,91769.89,7.51e-06
2025-11-17T23:33:38.353418Z,91769.87,0.00015848
2025-11-17T23:33:38.472624Z,91769.87,0.00136
2025-11-17T23:33:38.623680Z,91769.87,0.00022943
2025-11-17T23:33:38.813360Z,91769.88,0.00025844
2025-11-17T23:33:39.052015Z,91769.89,0.00017232
2025-11-17T23:33:39.258118Z,91769.88,0.00025842
2025-11-17T23:33:39.313641Z,91769.88,0.006
2025-11-17T23:33:39.753753Z,91769.87,7.6e-07
2025-11-17T23:33:39.753753Z,91769.87,6.5e-07
2025-11-17T23:33:39.753753Z,91769.87,0.00010877
2025-11-17T23:33:39.792876Z,91761.3,2.907e-05
2025-11-17T23:33:39.792876Z,91761.0,1.2e-05
2025-11-17T23:33:39.792876Z,91758.55,1.607e-05
2025-11-17T23:33:39.792876Z,91752.24,1.2e-05
2025-11-17T23:33:39.792876Z,91750.52,0.00070958
2025-11-17T23:33:40.066325Z,91757.98,1.607e-05
2025-11-17T23:33:40.066325Z,91756.89,0.00133393
2025-11-17T23:33:40.147855Z,91759.88,0.00105907
2025-11-17T23:33:40.793701Z,91759.88,0.00036863
2025-11-17T23:33:41.320246Z,91759.88,0.01136173
2025-11-17T23:33:41.570617Z,91759.88,0.00023053
2025-11-17T23:33:41.667799Z,91765.97,0.00136
2025-11-17T23:33:41.681266Z,91765.99,1e-07
2025-11-17T23:33:42.095704Z,91767.02,0.012871
2025-11-17T23:33:42.103995Z,91767.03,0.012871
2025-11-17T23:33:42.108211Z,91767.48,0.01089711
2025-11-17T23:33:42.117500Z,91767.49,0.01089711
2025-11-17T23:33:42.666694Z,91769.76,1.2e-05
2025-11-17T23:33:42.666694Z,91769.76,0.0002577
2025-11-17T23:33:42.813526Z,91766.0,4.122e-05
2025-11-17T23:33:43.261694Z,91770.48,0.01207982
2025-11-17T23:33:43.261694Z,91770.48,0.06625018
2025-11-17T23:33:43.830217Z,91770.49,5.124e-05
2025-11-17T23:33:44.445842Z,91770.49,0.055336
2025-11-17T23:33:44.446046Z,91770.95,0.01089669
2025-11-17T23:33:44.451681Z,91774.14,1.2e-05
2025-11-17T23:33:44.451681Z,91778.0,0.01057873
2025-11-17T23:33:44.865691Z,91778.42,0.0231209
2025-11-17T23:33:44.865691Z,91777.96,0.01089586
2025-11-17T23:33:44.865691Z,91775.47,0.09718324
2025-11-17T23:33:44.993568Z,91775.45,0.00022014
2025-11-17T23:33:45.438617Z,91775.25,0.00767737
2025-11-17T23:33:45.798803Z,91773.92,0.00026476
2025-11-17T23:33:46.457482Z,91773.98,0.00791
2025-11-17T23:33:47.167801Z,91773.99,0.00021177
2025-11-17T23:33:47.443690Z,91774.0,0.00846846
2025-11-17T23:33:47.703627Z,91774.0,0.01058992
2025-11-17T23:33:48.056488Z,91773.99,0.00138
2025-11-17T23:33:48.173704Z,91774.0,0.00010594
2025-11-17T23:33:48.570177Z,91774.0,0.06518168
2025-11-17T23:33:48.570177Z,91774.0,0.00018626
2025-11-17T23:33:48.749551Z,91778.45,0.01287
2025-11-17T23:33:48.749551Z,91778.52,1.2e-05
2025-11-17T23:33:48.749551Z,91778.91,0.01089575
2025-11-17T23:33:48.749551Z,91781.31,0.08172249
2025-11-17T23:33:48.749551Z,91782.9,1.2e-05
2025-11-17T23:33:48.749551Z,91786.13,0.01414735
2025-11-17T23:33:48.749551Z,91786.14,0.05904135
2025-11-17T23:33:48.750522Z,91786.14,0.02268827
2025-11-17T23:33:48.750522Z,91786.17,0.00108948
2025-11-17T23:33:48.750522Z,91787.21,0.004608
2025-11-17T23:33:48.750522Z,91787.28,1.2e-05
2025-11-17T23:33:48.750522Z,91787.32,0.00108824
2025-11-17T23:33:48.750522Z,91787.7,0.1312
2025-11-17T23:33:48.758419Z,91787.69,0.01414735
2025-11-17T23:33:48.760650Z,91787.28,1.2e-05
2025-11-17T23:33:48.761294Z,91787.63,0.00458
2025-11-17T23:33:48.761431Z,91787.63,0.02571
2025-11-17T23:33:48.761719Z,91787.63,0.00359
2025-11-17T23:33:48.763040Z,91787.63,0.04038596
2025-11-17T23:33:48.766222Z,91787.63,0.05693404
2025-11-17T23:33:48.769660Z,91789.0,0.00499999
2025-11-17T23:33:48.769660Z,91789.11,0.002702
2025-11-17T23:33:48.769660Z,91790.5,0.01560659
2025-11-17T23:33:48.771348Z,91790.5,0.00770199
2025-11-17T23:33:48.773793Z,91791.66,1.2e-05
2025-11-17T23:33:48.782954Z,91793.82,0.07519567
2025-11-17T23:33:48.810840Z,91790.3,0.11542913
2025-11-17T23:33:48.869632Z,91793.91,0.00108938
2025-11-17T23:33:48.869632Z,91795.33,0.01414735
2025-11-17T23:33:48.869632Z,91795.34,0.0156
2025-11-17T23:33:48.886909Z,91795.74,0.002304
2025-11-17T23:33:48.886909Z,91796.04,1.2e-05
2025-11-17T23:33:48.917981Z,91800.0,0.00923964
2025-11-17T23:33:48.920469Z,91800.0,0.01611379
2025-11-17T23:33:48.921954Z,91800.0,0.06795088
2025-11-17T23:33:48.989517Z,91800.0,0.00105897
2025-11-17T23:33:48.997939Z,91800.0,0.05826317
2025-11-17T23:33:48.998573Z,91800.0,0.00312047
2025-11-17T23:33:48.998709Z,91800.0,0.00313621
2025-11-17T23:33:48.999126Z,91800.0,0.00371066
2025-11-17T23:33:48.999515Z,91800.0,0.00346057
2025-11-17T23:33:49.000915Z,91800.0,0.00432221
2025-11-17T23:33:49.148342Z,91800.0,0.05610991
2025-11-17T23:33:49.150848Z,91800.0,0.00063879
2025-11-17T23:33:49.257199Z,91800.42,1.2e-05
2025-11-17T23:33:49.304588Z,91804.8,1.2e-05
2025-11-17T23:33:49.304588Z,91805.32,0.00108926
2025-11-17T23:33:49.470185Z,91809.18,1.2e-05
2025-11-17T23:33:49.470185Z,91813.56,1.2e-05
2025-11-17T23:33:49.648676Z,91813.61,0.00137
2025-11-17T23:33:49.716812Z,91814.64,0.03197525
2025-11-17T23:33:49.717546Z,91817.94,1.2e-05
2025-11-17T23:33:49.717546Z,91819.95,1.723e-05
2025-11-17T23:33:49.725671Z,91814.62,0.03426094
2025-11-17T23:33:49.961148Z,91819.81,0.00052944
2025-11-17T23:33:49.969040Z,91819.35,0.02534782
2025-11-17T23:33:49.974601Z,91819.29,0.00150598
2025-11-17T23:33:49.979632Z,91819.27,0.00392621
2025-11-17T23:33:50.087513Z,91819.81,0.00055964
2025-11-17T23:33:50.087513Z,91821.55,0.00261689
2025-11-17T23:33:50.323721Z,91817.98,0.01708527
2025-11-17T23:33:50.528839Z,91814.73,2.156e-05
2025-11-17T23:33:51.239685Z,91809.39,2.675e-05
2025-11-17T23:33:51.239685Z,91808.0,0.0156
2025-11-17T23:33:51.239685Z,91807.64,0.00750325
2025-11-17T23:33:51.717792Z,91813.68,0.00107878
2025-11-17T23:33:52.170492Z,91813.68,0.00030412
2025-11-17T23:33:52.498119Z,91813.68,1e-07
2025-11-17T23:33:52.519031Z,91813.67,0.0009507
2025-11-17T23:33:52.829899Z,91813.67,0.0109
2025-11-17T23:33:52.915147Z,91813.67,0.1491
2025-11-17T23:33:52.915147Z,91813.67,3.7e-06
2025-11-17T23:33:52.915147Z,91813.67,3.81e-06
2025-11-17T23:33:52.915147Z,91813.67,0.04
2025-11-17T23:33:52.915147Z,91813.66,0.05
2025-11-17T23:33:52.915147Z,91813.64,0.05
2025-11-17T23:33:52.915147Z,91812.11,0.02311241
2025-11-17T23:33:52.946143Z,91804.98,1.41e-05
2025-11-17T23:33:52.946143Z,91804.97,0.00108788
2025-11-17T23:33:52.946143Z,91804.8,1.2e-05
2025-11-17T23:33:52.946143Z,91803.87,0.0025532
2025-11-17T23:33:53.031237Z,91803.88,0.00211767
2025-11-17T23:33:53.090153Z,91803.87,0.1771468
2025-11-17T23:33:53.090153Z,91803.87,1.51e-05
2025-11-17T23:33:53.112916Z,91803.88,0.00078725
2025-11-17T23:33:53.255464Z,91803.86,0.05
2025-11-17T23:33:53.255464Z,91803.84,0.05
2025-11-17T23:33:53.612338Z,91800.43,0.00103352
2025-11-17T23:33:54.421929Z,91800.42,1.2e-05
2025-11-17T23:33:54.421929Z,91800.42,0.05
2025-11-17T23:33:54.421929Z,91800.42,6.5e-07
2025-11-17T23:33:54.421929Z,91800.42,6.5e-07
2025-11-17T23:33:54.421929Z,91800.4,0.05
2025-11-17T23:33:54.421929Z,91800.4,0.0089867
2025-11-17T23:33:55.027911Z,91800.41,0.05294419
2025-11-17T23:33:55.229888Z,91800.41,0.0053936
2025-11-17T23:33:55.490206Z,91800.41,0.00529444
2025-11-17T23:33:55.959383Z,91800.41,0.00154536
2025-11-17T23:33:56.003474Z,91800.4,0.01412866
2025-11-17T23:33:56.003474Z,91800.4,0.00442134
2025-11-17T23:33:56.982681Z,91800.4,0.01633743
2025-11-17T23:33:57.267987Z,91800.41,0.00533272
2025-11-17T23:33:57.549997Z,91800.4,0.02924123
2025-11-17T23:33:57.549997Z,91800.4,0.004421
2025-11-17T23:33:57.549997Z,91800.4,0.016337
2025-11-17T23:33:57.549997Z,91800.4,2.825e-05
2025-11-17T23:33:57.549997Z,91800.38,0.05
2025-11-17T23:33:57.549997Z,91800.38,0.02311537
2025-11-17T23:33:57.610601Z,91796.04,1.2e-05
2025-11-17T23:33:57.610601Z,91796.04,1.273e-05
2025-11-17T23:33:57.610601Z,91793.81,4.68e-06
2025-11-17T23:33:57.610601Z,91791.66,1.2e-05
2025-11-17T23:33:57.610601Z,91788.6,0.01414382
2025-11-17T23:33:57.610601Z,91788.18,0.00132686
2025-11-17T23:33:57.610601Z,91787.28,1.2e-05
2025-11-17T23:33:57.610601Z,91786.0,0.00265373
2025-11-17T23:33:57.610601Z,91785.9,0.09082218
2025-11-17T23:33:58.095598Z,91796.04,4.4e-07
2025-11-17T23:33:58.283170Z,91796.05,0.05391929
2025-11-17T23:33:58.351021Z,91796.04,1.363e-05
2025-11-17T23:33:58.351021Z,91796.04,1.372e-05
2025-11-17T23:33:58.351021Z,91796.04,0.05
2025-11-17T23:33:58.351021Z,91796.02,0.05
2025-11-17T23:33:58.352397Z,91791.13,0.10894297
2025-11-17T23:33:58.361533Z,91786.64,0.00130737
2025-11-17T23:33:58.676418Z,91782.91,0.000434
2025-11-17T23:33:58.799785Z,91782.91,0.00051671
2025-11-17T23:33:58.839349Z,91782.91,0.00058216
2025-11-17T23:33:59.212643Z,91782.9,1.2e-05
2025-11-17T23:33:59.212643Z,91782.9,1.3e-06
2025-11-17T23:33:59.212643Z,91781.37,0.0013167
2025-11-17T23:33:59.412385Z,91781.37,0.0386833
2025-11-17T23:33:59.412385Z,91781.0,0.0108955
2025-11-17T23:33:59.771040Z,91778.8,0.00055933
2025-11-17T23:33:59.771040Z,91778.8,1.337e-05
2025-11-17T23:33:59.771040Z,91778.52,1.2e-05
2025-11-17T23:33:59.833417Z,91774.14,1.2e-05
2025-11-17T23:33:59.833417Z,91774.14,0.00270839
2025-11-17T23:33:59.833417Z,91773.98,0.00091756
2025-11-17T23:33:59.833417Z,91772.25,0.0231214
2025-11-17T23:33:59.838595Z,91774.14,1.337e-05
2025-11-17T23:33:59.899127Z,91769.77,0.00529215
2025-11-17T23:34:00.292902Z,91769.77,0.00013435
2025-11-17T23:34:01.226389Z,91769.88,0.00130737
2025-11-17T23:34:01.226389Z,91769.89,0.01769263
2025-11-17T23:34:01.267105Z,91769.76,1.2e-05
2025-11-17T23:34:01.267105Z,91769.76,2.39e-06
2025-11-17T23:34:01.267105Z,91769.76,2.39e-06
2025-11-17T23:34:01.267105Z,91765.38,1.2e-05
2025-11-17T23:34:01.267105Z,91764.01,1.514e-05
2025-11-17T23:34:01.267105Z,91764.0,0.0209
2025-11-17T23:34:01.267105Z,91763.55,0.02312465
2025-11-17T23:34:01.267105Z,91761.0,1.2e-05
2025-11-17T23:34:01.267105Z,91760.3,0.0231236
2025-11-17T23:34:01.267105Z,91760.14,0.01089797
2025-11-17T23:34:01.267105Z,91759.26,0.03090786
2025-11-17T23:34:01.524110Z,91767.28,0.00010784
2025-11-17T23:34:01.921238Z,91766.0,0.00034505
2025-11-17T23:34:02.820667Z,91766.0,0.00529292
2025-11-17T23:34:03.278520Z,91767.25,0.00133
2025-11-17T23:34:03.517655Z,91767.28,9.315e-05
2025-11-17T23:34:03.517655Z,91767.28,1.2e-05
2025-11-17T23:34:03.697879Z,91772.0,0.01579537
2025-11-17T23:34:04.066758Z,91775.27,0.01089618
2025-11-17T23:34:04.066758Z,91774.21,0.00759944
2025-11-17T23:34:04.066758Z,91769.95,1.518e-05
2025-11-17T23:34:04.066758Z,91768.11,0.00130764
2025-11-17T23:34:04.066758Z,91768.1,0.00356924
2025-11-17T23:34:04.066758Z,91768.0,0.0159155
2025-11-17T23:34:04.322337Z,91769.38,0.00028934
2025-11-17T23:34:04.377511Z,91768.07,1.518e-05
2025-11-17T23:34:04.377511Z,91768.06,0.10883242
2025-11-17T23:34:04.377511Z,91767.6,0.01089709
2025-11-17T23:34:04.377511Z,91762.01,0.00130773
2025-11-17T23:34:04.377511Z,91762.0,0.0209
2025-11-17T23:34:04.377511Z,91761.69,0.04369764
2025-11-17T23:34:04.377511Z,91761.3,0.0010767
2025-11-17T23:34:04.377511Z,91761.0,1.2e-05
2025-11-17T23:34:04.377511Z,91760.59,0.01326124
2025-11-17T23:34:04.994416Z,91763.73,0.005
2025-11-17T23:34:05.746316Z,91765.43,1.496e-05
2025-11-17T23:34:05.746316Z,91762.75,0.00100341
2025-11-17T23:34:05.982414Z,91765.44,0.0005779
2025-11-17T23:34:05.997467Z,91765.44,0.00026464
2025-11-17T23:34:06.027148Z,91765.44,2.916e-05
2025-11-17T23:34:06.303310Z,91765.43,1.473e-05
2025-11-17T23:34:06.303310Z,91765.43,1.52e-06
2025-11-17T23:34:06.303310Z,91765.43,1.52e-06
2025-11-17T23:34:06.303310Z,91763.12,0.00132223
2025-11-17T23:34:06.343401Z,91763.67,0.00026473
2025-11-17T23:34:06.395199Z,91763.64,0.00077496
2025-11-17T23:34:07.564898Z,91774.0,0.00198437
2025-11-17T23:34:07.919259Z,91766.75,0.00388504
2025-11-17T23:34:07.921888Z,91766.75,0.00989424
2025-11-17T23:34:07.921888Z,91766.74,1.3e-05
2025-11-17T23:34:07.921888Z,91766.73,0.01089719
2025-11-17T23:34:07.921888Z,91766.3,0.01089725
2025-11-17T23:34:07.921888Z,91764.03,0.04662832
2025-11-17T23:34:07.933361Z,91768.0,2.303e-05
2025-11-17T23:34:08.837331Z,91769.22,0.00028979
2025-11-17T23:34:09.530829Z,91769.21,0.0108969
2025-11-17T23:34:09.530829Z,91766.66,1.437e-05
2025-11-17T23:34:09.530829Z,91766.65,0.10897204
2025-11-17T23:34:09.530829Z,91763.71,7.95e-06
2025-11-17T23:34:09.530829Z,91761.0,1.2e-05
2025-11-17T23:34:09.530829Z,91760.08,0.01129674
2025-11-17T23:34:09.538416Z,91769.57,8.267e-05
2025-11-17T23:34:09.616353Z,91768.0,3.798e-05
2025-11-17T23:34:09.657688Z,91768.0,0.00010766
2025-11-17T23:34:09.974320Z,91770.0,0.00052949
2025-11-17T23:34:10.372168Z,91773.99,0.00157568
2025-11-17T23:34:10.372168Z,91773.99,0.00901369
2025-11-17T23:34:10.491855Z,91773.99,0.00016122
2025-11-17T23:34:11.110328Z,91774.0,0.00360472
2025-11-17T23:34:11.143492Z,91771.99,1.52e-06
2025-11-17T23:34:11.143492Z,91771.99,1.52e-06
2025-11-17T23:34:11.143492Z,91770.8,3.02e-05
2025-11-17T23:34:11.143492Z,91770.79,0.00787676
2025-11-17T23:34:11.446666Z,91773.55,0.00051675
2025-11-17T23:34:11.598958Z,91773.54,0.004
2025-11-17T23:34:11.909250Z,91774.01,0.01089633
2025-11-17T23:34:11.909250Z,91774.14,1.2e-05
2025-11-17T23:34:12.141667Z,91778.52,1.2e-05
2025-11-17T23:34:12.141667Z,91778.81,0.00692267
2025-11-17T23:34:12.182277Z,91781.38,0.00010847
2025-11-17T23:34:12.430470Z,91781.38,7.78e-05
2025-11-17T23:34:12.430470Z,91782.9,1.2e-05
2025-11-17T23:34:12.430470Z,91783.46,0.0004397
2025-11-17T23:34:12.580331Z,91785.02,0.00108949
2025-11-17T23:34:12.580331Z,91785.02,3.907e-05
2025-11-17T23:34:12.752929Z,91787.27,0.00134
2025-11-17T23:34:12.993691Z,91787.28,1.2e-05
2025-11-17T23:34:12.993691Z,91789.99,0.00029806
2025-11-17T23:34:13.074470Z,91787.98,0.00105899
2025-11-17T23:34:13.277721Z,91790.0,0.0189
2025-11-17T23:34:13.277721Z,91790.0,0.02639392
2025-11-17T23:34:13.773556Z,91790.0,0.00053942
2025-11-17T23:34:14.048590Z,91790.0,0.00010518
2025-11-17T23:34:14.235597Z,91790.0,0.10416148
2025-11-17T23:34:14.235597Z,91791.66,1.2e-05
2025-11-17T23:34:14.235597Z,91791.99,0.0112833
2025-11-17T23:34:14.235597Z,91792.0,0.0189
2025-11-17T23:34:14.235597Z,91793.99,0.024342
2025-11-17T23:34:14.235597Z,91794.0,0.00015145
2025-11-17T23:34:14.237555Z,91794.0,0.00082796
2025-11-17T23:34:14.362487Z,91790.92,0.02276
2025-11-17T23:34:15.307754Z,91795.77,0.00215282
2025-11-17T23:34:15.561516Z,91795.77,0.01078784
2025-11-17T23:34:15.822501Z,91795.75,0.02311653
2025-11-17T23:34:15.822501Z,91795.75,2.831e-05
2025-11-17T23:34:15.822501Z,91795.54,0.01089377
2025-11-17T23:34:15.822501Z,91792.05,1.749e-05
2025-11-17T23:34:15.822501Z,91792.04,0.10894189
2025-11-17T23:34:15.822501Z,91792.0,0.018
2025-11-17T23:34:15.822501Z,91791.46,0.10894259
2025-11-17T23:34:15.822501Z,91790.0,0.018
2025-11-17T23:34:15.822501Z,91788.0,0.0189
2025-11-17T23:34:15.822501Z,91787.66,0.1089471
2025-11-17T23:34:15.822501Z,91786.0,0.0189
2025-11-17T23:34:15.822501Z,91782.9,1.2e-05
2025-11-17T23:34:15.822501Z,91782.81,0.1312
2025-11-17T23:34:15.822501Z,91780.84,0.03265542
2025-11-17T23:34:15.822501Z,91780.48,0.045
2025-11-17T23:34:15.822501Z,91778.52,1.2e-05
2025-11-17T23:34:15.822501Z,91778.51,4.57e-06
2025-11-17T23:34:15.822501Z,91776.46,0.00682828
2025-11-17T23:34:15.822501Z,91774.2,0.00078541
2025-11-17T23:34:15.822501Z,91774.11,0.00176086
2025-11-17T23:34:15.829400Z,91773.98,0.79489056
2025-11-17T23:34:15.954017Z,91773.98,0.33911639
2025-11-17T23:34:15.954810Z,91773.98,0.27071713
2025-11-17T23:34:15.957810Z,91773.98,0.0561511
2025-11-17T23:34:15.962121Z,91773.98,0.00490401
2025-11-17T23:34:15.979029Z,91773.97,0.02313
2025-11-17T23:34:16.229163Z,91773.98,0.00566374
2025-11-17T23:34:16.697991Z,91773.98,0.0032301
2025-11-17T23:34:16.846172Z,91773.98,0.03236413
2025-11-17T23:34:17.003410Z,91773.98,0.00042339
2025-11-17T23:34:17.173341Z,91773.98,0.05465909
2025-11-17T23:34:17.174810Z,91773.98,0.05370314
2025-11-17T23:34:17.177186Z,91773.98,0.05197268
2025-11-17T23:34:17.212935Z,91773.98,0.00755856
2025-11-17T23:34:17.216335Z,91773.98,0.02521225
2025-11-17T23:34:17.218426Z,91773.98,0.03309051
2025-11-17T23:34:17.220690Z,91773.98,0.01361052
2025-11-17T23:34:17.221711Z,91773.98,0.06494156
2025-11-17T23:34:17.223299Z,91773.98,0.03188752
2025-11-17T23:34:17.226600Z,91773.98,0.10006631
2025-11-17T23:34:17.228988Z,91773.98,0.36460212
2025-11-17T23:34:17.327701Z,91773.98,0.00418012
2025-11-17T23:34:17.591554Z,91773.98,0.0906048
2025-11-17T23:34:17.594047Z,91773.98,0.02349726
2025-11-17T23:34:17.615840Z,91773.97,0.0405
2025-11-17T23:34:17.615840Z,91773.97,1.52e-06
2025-11-17T23:34:17.615840Z,91773.97,1.52e-06
2025-11-17T23:34:17.615840Z,91773.97,0.005715
2025-11-17T23:34:17.615840Z,91773.97,0.01089633
2025-11-17T23:34:17.615840Z,91773.97,1.907e-05
2025-11-17T23:34:17.615840Z,91773.97,4.68e-06
2025-11-17T23:34:17.615840Z,91773.97,0.05185188
2025-11-17T23:34:17.929843Z,91773.98,0.00048579
2025-11-17T23:34:18.298264Z,91773.98,0.00563135
2025-11-17T23:34:18.627544Z,91773.98,0.01058893
2025-11-17T23:34:18.728085Z,91773.98,0.00052909
2025-11-17T23:34:19.029744Z,91773.98,0.09737095
2025-11-17T23:34:19.035563Z,91773.98,0.00655778
2025-11-17T23:34:19.038637Z,91773.98,0.01624157
2025-11-17T23:34:19.050785Z,91773.98,0.05063777
2025-11-17T23:34:19.054424Z,91773.98,0.00382879
2025-11-17T23:34:19.059138Z,91773.98,0.0042579
2025-11-17T23:34:19.063432Z,91773.98,0.00529053
2025-11-17T23:34:19.066854Z,91773.98,0.00447749
2025-11-17T23:34:19.070445Z,91773.98,0.00361795
2025-11-17T23:34:19.073843Z,91773.98,0.00377304
2025-11-17T23:34:19.077071Z,91773.98,0.00368141
2025-11-17T23:34:19.088096Z,91773.98,0.00355877
2025-11-17T23:34:19.091703Z,91773.98,0.0120875
2025-11-17T23:34:19.095689Z,91773.98,0.00409037
2025-11-17T23:34:19.098704Z,91773.98,0.00360385
2025-11-17T23:34:19.100303Z,91773.98,0.04742614
2025-11-17T23:34:19.105015Z,91773.98,0.01035133
2025-11-17T23:34:19.106498Z,91773.98,0.09165253
2025-11-17T23:34:19.115018Z,91773.98,0.07001801
2025-11-17T23:34:19.176910Z,91773.98,0.0311971
2025-11-17T23:34:19.180722Z,91773.98,0.00633448
2025-11-17T23:34:19.184651Z,91773.98,0.00476278
2025-11-17T23:34:19.188695Z,91773.98,0.00437707
2025-11-17T23:34:19.192192Z,91773.98,0.00372082
2025-11-17T23:34:19.195588Z,91773.98,0.00371867
2025-11-17T23:34:19.199084Z,91773.98,0.00355072
2025-11-17T23:34:19.202362Z,91773.98,0.00391362
2025-11-17T23:34:19.204361Z,91773.98,0.00959479
2025-11-17T23:34:19.208197Z,91773.98,0.00425391
2025-11-17T23:34:19.215340Z,91773.98,0.02781545
2025-11-17T23:34:19.218646Z,91773.98,0.00374151
2025-11-17T23:34:19.219368Z,91773.98,0.03856585
2025-11-17T23:34:19.221976Z,91773.98,0.00380032
2025-11-17T23:34:19.223340Z,91773.97,0.01089633
2025-11-17T23:34:19.223340Z,91773.97,0.009908
2025-11-17T23:34:19.223340Z,91773.97,2.066e-05
2025-11-17T23:34:19.223340Z,91773.97,0.08817501
2025-11-17T23:34:19.223448Z,91773.98,0.0523
2025-11-17T23:34:19.225429Z,91773.98,0.00339978
2025-11-17T23:34:19.228185Z,91773.98,0.00292387
2025-11-17T23:34:19.279412Z,91773.98,0.03820242
2025-11-17T23:34:19.280219Z,91773.98,0.00572899
2025-11-17T23:34:19.280522Z,91773.98,0.00641052
2025-11-17T23:34:19.283793Z,91773.98,0.00342946
2025-11-17T23:34:19.288267Z,91773.98,0.00502203
2025-11-17T23:34:19.291792Z,91773.98,0.00407208
2025-11-17T23:34:19.295471Z,91773.98,0.00387487
2025-11-17T23:34:19.299381Z,91773.98,0.00401452
2025-11-17T23:34:19.301429Z,91773.98,0.00592014
2025-11-17T23:34:19.305164Z,91773.98,0.00347098
2025-11-17T23:34:19.309071Z,91773.98,0.04549121
2025-11-17T23:34:19.310556Z,91773.98,0.11424269
2025-11-17T23:34:19.311351Z,91773.98,0.13027789
2025-11-17T23:34:19.311537Z,91773.98,0.11710507
2025-11-17T23:34:19.314387Z,91773.98,0.01291992
2025-11-17T23:34:19.317154Z,91773.98,0.18856416
2025-11-17T23:34:19.320724Z,91773.98,0.27634297
2025-11-17T23:34:19.321359Z,91773.98,0.01807759
2025-11-17T23:34:19.322725Z,91773.98,0.03814672
2025-11-17T23:34:19.326579Z,91773.98,0.01372147
2025-11-17T23:34:19.363746Z,91773.98,5.63e-06
2025-11-17T23:34:19.367363Z,91773.98,0.00435895
2025-11-17T23:34:19.374826Z,91773.98,0.0235718
2025-11-17T23:34:19.376693Z,91773.98,0.0411
2025-11-17T23:34:19.378615Z,91773.98,0.00673995
2025-11-17T23:34:19.403718Z,91773.98,0.03072514
2025-11-17T23:34:19.406736Z,91773.98,0.0134
2025-11-17T23:34:19.407106Z,91773.98,0.11883575
2025-11-17T23:34:19.423250Z,91773.98,0.09491102
2025-11-17T23:34:19.426901Z,91773.98,0.09242832
2025-11-17T23:34:19.432496Z,91773.98,0.05115508
2025-11-17T23:34:19.436215Z,91773.98,0.01962243
2025-11-17T23:34:19.439558Z,91773.98,0.02578371
2025-11-17T23:34:19.449071Z,91773.98,0.0247461
2025-11-17T23:34:19.506555Z,91773.98,0.02440385
2025-11-17T23:34:19.507142Z,91773.98,0.26335263
2025-11-17T23:34:19.507507Z,91773.98,0.01681179
2025-11-17T23:34:19.507981Z,91773.98,0.09544397
2025-11-17T23:34:19.509596Z,91773.98,0.09430681
2025-11-17T23:34:19.509972Z,91773.98,0.01574757
2025-11-17T23:34:19.511458Z,91773.98,0.04091696
2025-11-17T23:34:19.511459Z,91773.98,0.03437968
2025-11-17T23:34:19.511549Z,91773.98,0.21004905
2025-11-17T23:34:19.511729Z,91773.98,0.00162886
2025-11-17T23:34:19.511910Z,91773.98,0.02680572
2025-11-17T23:34:19.512646Z,91773.98,0.12855283
2025-11-17T23:34:19.513231Z,91773.98,0.02528478
2025-11-17T23:34:19.513473Z,91773.98,0.02452377
2025-11-17T23:34:19.515452Z,91773.98,0.03131861
2025-11-17T23:34:19.515851Z,91773.98,0.08900376
2025-11-17T23:34:19.802839Z,91782.9,1.2e-05
2025-11-17T23:34:19.802839Z,91787.28,1.2e-05
2025-11-17T23:34:19.802839Z,91791.66,1.2e-05
2025-11-17T23:34:19.802839Z,91795.62,0.00104268
2025-11-17T23:34:19.993493Z,91791.66,1.2e-05
2025-11-17T23:34:19.993493Z,91794.0,0.0375
2025-11-17T23:34:19.993493Z,91796.0,0.0375
2025-11-17T23:34:19.993493Z,91796.04,1.2e-05
2025-11-17T23:34:19.993493Z,91797.77,0.03084576
2025-11-17T23:34:20.568190Z,91795.98,3.3e-07
2025-11-17T23:34:20.835572Z,91795.98,0.01089339
2025-11-17T23:34:20.835572Z,91793.36,1.988e-05
2025-11-17T23:34:20.835572Z,91793.35,0.00763673
2025-11-17T23:34:20.885603Z,91795.97,0.02311648
2025-11-17T23:34:20.885603Z,91793.36,1.959e-05
2025-11-17T23:34:20.885603Z,91793.35,0.05118232
2025-11-17T23:34:20.999997Z,91791.74,0.00423555
2025-11-17T23:34:21.193598Z,91791.74,0.00105889
2025-11-17T23:34:21.778451Z,91791.73,1.861e-05
2025-11-17T23:34:21.778451Z,91791.72,0.00398139
2025-11-17T23:34:22.443427Z,91791.73,1.52e-06
2025-11-17T23:34:22.443427Z,91791.73,1.52e-06
2025-11-17T23:34:22.443427Z,91791.73,4.57e-06
2025-11-17T23:34:22.443427Z,91791.73,2.235e-05
2025-11-17T23:34:22.443427Z,91791.73,0.01089422
2025-11-17T23:34:22.443427Z,91791.72,0.04101861
2025-11-17T23:34:22.443427Z,91791.71,0.02311755
2025-11-17T23:34:22.443427Z,91790.0,0.03393966
2025-11-17T23:34:22.488826Z,91791.74,0.00118666
2025-11-17T23:34:24.045599Z,91791.74,0.00030996
2025-11-17T23:34:24.115362Z,91791.73,0.00135
2025-11-17T23:34:24.118187Z,91791.74,2.35e-05
2025-11-17T23:34:24.118187Z,91792.2,0.00105524
2025-11-17T23:34:24.634310Z,91798.0,0.00032362
2025-11-17T23:34:24.730694Z,91798.0,0.00072666
2025-11-17T23:34:24.773722Z,91798.0,2.924e-05
2025-11-17T23:34:24.883361Z,91798.0,0.0170311
2025-11-17T23:34:25.720974Z,91800.4,0.00137
2025-11-17T23:34:25.738012Z,91800.41,2.344e-05
2025-11-17T23:34:25.738012Z,91800.42,1.2e-05
2025-11-17T23:34:25.738012Z,91804.8,1.2e-05
2025-11-17T23:34:25.754852Z,91809.18,1.2e-05
2025-11-17T23:34:25.754852Z,91809.72,0.0010892
2025-11-17T23:34:26.223336Z,91813.56,1.2e-05
2025-11-17T23:34:26.223336Z,91813.68,0.01057688
2025-11-17T23:34:26.554083Z,91813.67,1.598e-05
2025-11-17T23:34:26.554083Z,91813.55,1.52e-06
2025-11-17T23:34:26.554083Z,91813.55,1.41e-06
2025-11-17T23:34:26.554083Z,91813.09,0.01089169
2025-11-17T23:34:26.554083Z,91812.86,0.02311223
2025-11-17T23:34:26.554083Z,91811.17,0.005014
2025-11-17T23:34:26.554083Z,91810.71,0.00682828
2025-11-17T23:34:26.554083Z,91810.21,0.045
2025-11-17T23:34:26.554083Z,91808.0,0.0412
2025-11-17T23:34:26.554083Z,91807.75,0.01089232
2025-11-17T23:34:26.554083Z,91806.42,0.00251874
2025-11-17T23:34:26.554083Z,91806.15,0.045
2025-11-17T23:34:26.554083Z,91802.08,0.1088751
2025-11-17T23:34:26.554298Z,91802.08,5.488e-05
2025-11-17T23:34:26.554298Z,91801.53,0.00084895
2025-11-17T23:34:26.554298Z,91801.32,0.001246
2025-11-17T23:34:26.554298Z,91801.32,0.00076632
2025-11-17T23:34:26.554298Z,91801.31,0.00150924
2025-11-17T23:34:26.554298Z,91800.48,0.00058395
2025-11-17T23:34:26.554298Z,91797.79,0.10893507
2025-11-17T23:34:26.554298Z,91796.96,0.0783264
2025-11-17T23:34:26.554298Z,91796.95,0.10708046
2025-11-17T23:34:26.554298Z,91796.95,0.02411954
2025-11-17T23:34:26.554298Z,91796.88,0.10893616
2025-11-17T23:34:26.554298Z,91796.73,0.121965
2025-11-17T23:34:26.554298Z,91794.0,0.0375
2025-11-17T23:34:26.554298Z,91792.25,0.08170113
2025-11-17T23:34:26.554298Z,91792.0,0.0375
2025-11-17T23:34:26.609931Z,91798.0,0.00079401
2025-11-17T23:34:26.702571Z,91799.99,1.605e-05
2025-11-17T23:34:26.702571Z,91799.97,0.00048523
2025-11-17T23:34:27.360580Z,91805.99,1.619e-05
2025-11-17T23:34:27.360580Z,91805.99,0.00136381
2025-11-17T23:34:27.425099Z,91806.0,0.00055
2025-11-17T23:34:27.653120Z,91805.99,0.00024167
2025-11-17T23:34:27.799477Z,91806.0,7.549e-05
2025-11-17T23:34:27.800339Z,91806.0,7.75e-06
2025-11-17T23:34:28.118261Z,91809.18,1.2e-05
2025-11-17T23:34:28.118261Z,91810.0,0.00104614
2025-11-17T23:34:28.164957Z,91810.0,0.00010516
2025-11-17T23:34:28.410456Z,91810.0,0.00010516
2025-11-17T23:34:28.545640Z,91812.0,7.55e-05
2025-11-17T23:34:28.574674Z,91811.99,1.54e-05
2025-11-17T23:34:28.574674Z,91811.44,9.41e-05
2025-11-17T23:34:28.609070Z,91806.0,3.441e-05
2025-11-17T23:34:28.664787Z,91806.0,0.00021571
2025-11-17T23:34:28.784920Z,91806.0,7.75e-06
2025-11-17T23:34:28.788285Z,91806.0,5.393e-05
2025-11-17T23:34:28.841572Z,91806.0,0.00243747
2025-11-17T23:34:29.077733Z,91808.0,0.00107853
2025-11-17T23:34:29.214696Z,91808.0,0.00051672
2025-11-17T23:34:29.281188Z,91808.0,0.00079401
2025-11-17T23:34:29.420117Z,91808.0,0.00018046
2025-11-17T23:34:29.542140Z,91808.0,0.00039701
2025-11-17T23:34:29.696803Z,91808.0,5.123e-05
2025-11-17T23:34:30.019604Z,91808.0,0.00010516
2025-11-17T23:34:30.210877Z,91812.0,0.00021
2025-11-17T23:34:30.307374Z,91812.0,4.588e-05
2025-11-17T23:34:30.313353Z,91811.99,1.612e-05
2025-11-17T23:34:30.313353Z,91811.99,0.01089182
2025-11-17T23:34:30.313353Z,91811.97,0.02311245
2025-11-17T23:34:30.313353Z,91806.94,0.04430961
2025-11-17T23:34:30.356523Z,91812.0,0.00010516
2025-11-17T23:34:30.426942Z,91812.0,0.00010516
2025-11-17T23:34:30.587322Z,91812.0,0.00021571
2025-11-17T23:34:30.683710Z,91812.0,0.00010331
2025-11-17T23:34:31.274598Z,91812.0,0.00022735
2025-11-17T23:34:31.409114Z,91812.0,0.00015876
2025-11-17T23:34:31.571057Z,91811.99,1.52e-06
2025-11-17T23:34:31.571057Z,91811.99,1.52e-06
2025-11-17T23:34:31.571057Z,91811.99,2.421e-05
2025-11-17T23:34:31.571057Z,91805.99,8.31e-06
2025-11-17T23:34:31.596812Z,91805.99,0.02150017
2025-11-17T23:34:31.598044Z,91804.25,0.045
2025-11-17T23:34:31.598044Z,91803.99,4.57e-06
2025-11-17T23:34:31.864919Z,91804.0,5.123e-05
2025-11-17T23:34:31.944156Z,91803.99,2.44e-05
2025-11-17T23:34:31.944156Z,91803.13,0.02311468
2025-11-17T23:34:31.944156Z,91800.42,1.2e-05
2025-11-17T23:34:31.944156Z,91798.86,0.01089338
2025-11-17T23:34:31.944156Z,91796.76,0.005038
2025-11-17T23:34:31.944156Z,91796.29,0.09211754
2025-11-17T23:34:32.179143Z,91807.99,3.851e-05
2025-11-17T23:34:32.268339Z,91804.0,0.00137631
2025-11-17T23:34:32.625189Z,91804.0,0.00086276
2025-11-17T23:34:32.822137Z,91803.99,4.68e-06
2025-11-17T23:34:32.822137Z,91803.99,2.319e-05
2025-11-17T23:34:32.822137Z,91800.23,0.006968
2025-11-17T23:34:32.822137Z,91799.39,0.01089331
2025-11-17T23:34:32.822137Z,91797.41,0.00411374
2025-11-17T23:34:32.893916Z,91800.0,0.00059934
2025-11-17T23:34:33.154251Z,91802.0,0.00052922
2025-11-17T23:34:33.228037Z,91802.0,0.00018
2025-11-17T23:34:33.347492Z,91801.99,1.921e-05
2025-11-17T23:34:33.347492Z,91801.97,0.01098249
2025-11-17T23:34:33.547262Z,91801.99,2.142e-05
2025-11-17T23:34:33.547262Z,91801.97,0.00788858
2025-11-17T23:34:33.852981Z,91802.0,0.00016174
2025-11-17T23:34:34.314162Z,91806.0,0.01058542
2025-11-17T23:34:34.377229Z,91805.99,0.00059306
2025-11-17T23:34:34.404328Z,91805.99,0.00278241
2025-11-17T23:34:34.497342Z,91805.97,0.00082135
2025-11-17T23:34:34.859955Z,91809.18,1.2e-05
2025-11-17T23:34:34.859955Z,91809.18,0.00064042
2025-11-17T23:34:34.897870Z,91809.18,0.0010585
2025-11-17T23:34:34.985236Z,91809.16,0.01089215
2025-11-17T23:34:34.985236Z,91809.16,2.987e-05
2025-11-17T23:34:34.985236Z,91809.15,0.0002574
2025-11-17T23:34:35.518728Z,91809.99,2.321e-05
2025-11-17T23:34:35.518728Z,91809.98,0.00897679
2025-11-17T23:34:35.801113Z,91809.99,2.321e-05
2025-11-17T23:34:35.801113Z,91809.98,0.00131679
2025-11-17T23:34:36.847984Z,91810.0,0.00015497
2025-11-17T23:34:37.074220Z,91810.0,0.00215658
2025-11-17T23:34:37.801721Z,91813.53,0.02276
2025-11-17T23:34:37.989477Z,91813.56,1.2e-05
2025-11-17T23:34:37.989477Z,91813.56,0.0107709
2025-11-17T23:34:38.709505Z,91813.68,0.00020661
2025-11-17T23:34:39.096368Z,91813.68,0.00320582
2025-11-17T23:34:39.313494Z,91813.68,0.26515
2025-11-17T23:34:39.414302Z,91813.67,0.0010877
2025-11-17T23:34:39.414302Z,91813.67,2.294e-05
2025-11-17T23:34:39.414302Z,91813.66,0.01089162
2025-11-17T23:34:39.414302Z,91813.66,0.01112774
2025-11-17T23:34:40.390906Z,91813.68,0.01058473
2025-11-17T23:34:40.849587Z,91813.68,0.002
2025-11-17T23:34:41.050215Z,91813.67,2.012e-05
2025-11-17T23:34:41.050215Z,91813.67,0.00130988
2025-11-17T23:34:41.311603Z,91813.68,0.00161435
2025-11-17T23:34:41.449539Z,91813.68,0.00026386
2025-11-17T23:34:42.667111Z,91813.67,9.25e-06
2025-11-17T23:34:42.667111Z,91813.67,2.77e-05
2025-11-17T23:34:42.667111Z,91813.67,0.00010606
2025-11-17T23:34:43.016106Z,91813.67,2.77e-05
2025-11-17T23:34:43.016106Z,91813.67,0.00133375
2025-11-17T23:34:43.060802Z,91813.67,3.087e-05
2025-11-17T23:34:43.170772Z,91813.68,0.07005918
2025-11-17T23:34:43.174434Z,91813.68,0.01557852
2025-11-17T23:34:43.183045Z,91813.68,0.0088118
2025-11-17T23:34:43.188998Z,91813.68,0.00665038
2025-11-17T23:34:43.207490Z,91813.68,0.00105843
2025-11-17T23:34:43.212810Z,91813.68,0.02526457
2025-11-17T23:34:43.216623Z,91813.68,0.00481946
2025-11-17T23:34:43.221308Z,91813.68,0.00493243
2025-11-17T23:34:43.269600Z,91813.68,0.05200125
2025-11-17T23:34:43.300708Z,91813.67,0.109
2025-11-17T23:34:44.060188Z,91813.67,2.457e-05
2025-11-17T23:34:44.060188Z,91813.35,0.0032756
2025-11-17T23:34:44.732336Z,91812.0,0.00021565
2025-11-17T23:34:44.793281Z,91812.0,0.00021166
2025-11-17T23:34:44.918754Z,91811.99,2.432e-05
2025-11-17T23:34:44.918754Z,91811.97,0.02311245
2025-11-17T23:34:44.918754Z,91810.7,0.03264355
2025-11-17T23:34:44.918754Z,91810.49,0.006229
2025-11-17T23:34:44.918754Z,91809.99,1.41e-06
2025-11-17T23:34:44.918754Z,91809.68,0.01089209
2025-11-17T23:34:44.918754Z,91808.05,0.03609718
2025-11-17T23:34:45.223542Z,91812.0,0.01058431
2025-11-17T23:34:45.870453Z,91813.68,0.11980606
2025-11-17T23:34:45.876293Z,91813.68,0.00637953
2025-11-17T23:34:45.879477Z,91813.68,0.05124781
2025-11-17T23:34:45.879927Z,91813.68,0.00723395
2025-11-17T23:34:45.881835Z,91813.68,0.00727779
2025-11-17T23:34:45.887061Z,91813.68,0.00495351
2025-11-17T23:34:46.024935Z,91813.68,0.11503595
2025-11-17T23:34:46.029720Z,91813.68,0.04133053
2025-11-17T23:34:46.035236Z,91813.68,0.00501334
2025-11-17T23:34:46.039303Z,91813.68,0.00473488
2025-11-17T23:34:46.044529Z,91813.68,0.0051425
2025-11-17T23:34:46.048065Z,91813.68,0.00509724
2025-11-17T23:34:46.051712Z,91813.68,0.01128939
2025-11-17T23:34:46.052894Z,91813.68,0.10731222
2025-11-17T23:34:46.204415Z,91813.67,2.316e-05
2025-11-17T23:34:46.204415Z,91813.67,0.01089162
2025-11-17T23:34:46.204415Z,91813.67,0.08761
2025-11-17T23:34:46.204415Z,91813.67,0.00682828
2025-11-17T23:34:46.204415Z,91813.67,0.12748358
2025-11-17T23:34:46.283393Z,91813.68,0.00107827
2025-11-17T23:34:46.470627Z,91813.68,0.03121718
2025-11-17T23:34:46.470730Z,91813.68,0.24790953
2025-11-17T23:34:46.477563Z,91813.68,0.01687086
2025-11-17T23:34:46.478391Z,91813.68,0.01409943
2025-11-17T23:34:46.524657Z,91813.67,0.045
2025-11-17T23:34:46.524657Z,91813.67,2.316e-05
2025-11-17T23:34:46.524657Z,91813.67,0.08617684
2025-11-17T23:34:46.530431Z,91813.68,0.03553224
2025-11-17T23:34:46.539649Z,91813.68,0.1
2025-11-17T23:34:46.547400Z,91813.68,0.01064909
2025-11-17T23:34:46.551439Z,91813.68,0.01152316
2025-11-17T23:34:46.814147Z,91813.68,0.00827454
2025-11-17T23:34:47.110854Z,91813.68,0.00043366
2025-11-17T23:34:47.218092Z,91813.68,0.05970563
2025-11-17T23:34:47.218093Z,91813.68,0.06222619
2025-11-17T23:34:47.223278Z,91813.68,0.04089909
2025-11-17T23:34:47.226330Z,91813.68,0.0127381
2025-11-17T23:34:47.226500Z,91813.68,0.00745301
2025-11-17T23:34:47.229610Z,91813.68,0.03568016
2025-11-17T23:34:47.229698Z,91813.68,0.0204209
2025-11-17T23:34:47.230423Z,91813.68,0.02043395
2025-11-17T23:34:47.232465Z,91813.68,0.02100452
2025-11-17T23:34:47.232466Z,91813.68,0.03068899
2025-11-17T23:34:47.233160Z,91813.68,0.00852187
2025-11-17T23:34:47.235554Z,91813.68,0.01603314
2025-11-17T23:34:47.241740Z,91813.67,0.00138226
2025-11-17T23:34:47.257445Z,91813.68,0.00500293
2025-11-17T23:34:47.260454Z,91813.68,0.0113473
2025-11-17T23:34:47.275199Z,91813.68,0.01349906
2025-11-17T23:34:47.280038Z,91813.68,0.0040241
2025-11-17T23:34:47.283421Z,91813.68,0.00918576
2025-11-17T23:34:47.321561Z,91813.68,0.02436258
2025-11-17T23:34:47.325585Z,91813.68,0.01127215
2025-11-17T23:34:47.329563Z,91813.68,0.00394647
2025-11-17T23:34:47.333236Z,91813.68,0.00439269
2025-11-17T23:34:47.359068Z,91813.68,0.0101095
2025-11-17T23:34:47.370884Z,91813.68,0.01615333
2025-11-17T23:34:47.374318Z,91813.68,0.00414078
2025-11-17T23:34:47.377684Z,91813.68,0.00367533
2025-11-17T23:34:47.381101Z,91813.68,0.00357004
2025-11-17T23:34:47.384760Z,91813.68,0.00367633
2025-11-17T23:34:47.388968Z,91813.68,0.00448608
2025-11-17T23:34:47.392838Z,91813.68,0.00438818
2025-11-17T23:34:47.396707Z,91813.68,0.00416798
2025-11-17T23:34:47.400374Z,91813.68,0.00413837
2025-11-17T23:34:47.404195Z,91813.68,0.003971
2025-11-17T23:34:47.405221Z,91813.68,0.00512231
2025-11-17T23:34:47.408198Z,91813.68,0.00386047
2025-11-17T23:34:47.411553Z,91813.68,0.00359011
2025-11-17T23:34:47.415107Z,91813.68,0.00391109
2025-11-17T23:34:47.418614Z,91813.68,0.00363986
2025-11-17T23:34:47.422085Z,91813.68,0.00339451
2025-11-17T23:34:47.425689Z,91813.68,0.0042121
2025-11-17T23:34:47.429202Z,91813.68,0.00392659
2025-11-17T23:34:47.432460Z,91813.68,0.00371666
2025-11-17T23:34:47.436001Z,91813.68,0.00344584
2025-11-17T23:34:47.439911Z,91813.68,0.0045059
2025-11-17T23:34:47.443355Z,91813.68,0.00369912
2025-11-17T23:34:47.443695Z,91813.68,0.00376518
2025-11-17T23:34:47.446932Z,91813.68,0.00337149
2025-11-17T23:34:47.450892Z,91813.68,0.00472042
2025-11-17T23:34:47.454316Z,91813.68,0.00353583
2025-11-17T23:34:47.457885Z,91813.68,0.00396201
2025-11-17T23:34:47.463987Z,91813.68,0.00327387
2025-11-17T23:34:47.468037Z,91813.68,0.00363986
2025-11-17T23:34:47.478934Z,91813.68,0.01152881
2025-11-17T23:34:47.482778Z,91813.68,0.00432856
2025-11-17T23:34:47.486405Z,91813.68,0.00406642
2025-11-17T23:34:47.489954Z,91813.68,0.00399322
2025-11-17T23:34:47.493979Z,91813.68,0.00404771
2025-11-17T23:34:47.498051Z,91813.68,0.00461546
2025-11-17T23:34:47.501593Z,91813.68,0.00394046
2025-11-17T23:34:47.505401Z,91813.68,0.00415005
2025-11-17T23:34:47.509141Z,91813.68,0.00392476
2025-11-17T23:34:47.512681Z,91813.68,0.00416292
2025-11-17T23:34:47.515885Z,91813.68,0.00360147
2025-11-17T23:34:47.519634Z,91813.68,0.00358067
2025-11-17T23:34:47.523068Z,91813.68,0.00421072
2025-11-17T23:34:47.526717Z,91813.68,0.0036819
2025-11-17T23:34:47.530697Z,91813.68,0.00610079
2025-11-17T23:34:47.560366Z,91813.68,0.00800602
2025-11-17T23:34:47.563941Z,91813.68,0.00400164
2025-11-17T23:34:47.567730Z,91813.68,0.00428988
2025-11-17T23:34:47.571271Z,91813.68,0.00371674
2025-11-17T23:34:47.574718Z,91813.68,0.00377014
2025-11-17T23:34:47.578853Z,91813.68,0.00375801
2025-11-17T23:34:47.584509Z,91813.68,0.00673634
2025-11-17T23:34:47.588228Z,91813.68,0.00414525
2025-11-17T23:34:47.591633Z,91813.68,0.00435962
2025-11-17T23:34:47.594963Z,91813.68,0.00346045
2025-11-17T23:34:47.599075Z,91813.68,0.00419268
2025-11-17T23:34:47.605953Z,91813.68,0.00363911
2025-11-17T23:34:47.612913Z,91813.68,0.00752881
2025-11-17T23:34:47.617409Z,91813.68,0.00853708
2025-11-17T23:34:47.620908Z,91813.68,0.00408215
2025-11-17T23:34:47.624209Z,91813.68,0.00391736
2025-11-17T23:34:47.627237Z,91813.68,0.00322066
2025-11-17T23:34:47.631294Z,91813.68,0.0034191
2025-11-17T23:34:47.634841Z,91813.68,0.00427882
2025-11-17T23:34:47.638396Z,91813.68,0.00411216
2025-11-17T23:34:47.641894Z,91813.68,0.00383527
2025-11-17T23:34:47.646134Z,91813.68,0.00429018
2025-11-17T23:34:47.650436Z,91813.68,0.00414783
2025-11-17T23:34:47.659260Z,91813.68,0.00468518
2025-11-17T23:34:47.661186Z,91813.68,0.00801928
2025-11-17T23:34:47.664594Z,91813.68,0.0035093
2025-11-17T23:34:47.667823Z,91813.68,0.00382439
2025-11-17T23:34:47.671673Z,91813.68,0.0038737
2025-11-17T23:34:47.676199Z,91813.68,0.00455003
2025-11-17T23:34:47.680054Z,91813.68,0.00438491
2025-11-17T23:34:47.683449Z,91813.68,0.00418984
2025-11-17T23:34:47.687017Z,91813.68,0.00367968
2025-11-17T23:34:47.690423Z,91813.68,0.00363963
2025-11-17T23:34:47.694128Z,91813.68,0.00374982
2025-11-17T23:34:48.136482Z,91813.67,0.01855
2025-11-17T23:34:48.306350Z,91813.68,0.0001267
2025-11-17T23:34:48.345654Z,91813.68,0.05502961
2025-11-17T23:34:48.349096Z,91813.68,0.0035047
2025-11-17T23:34:48.353100Z,91813.68,0.00417169
2025-11-17T23:34:48.356203Z,91813.68,0.00387044
2025-11-17T23:34:48.359854Z,91813.68,0.00377548
2025-11-17T23:34:48.363451Z,91813.68,0.00409089
2025-11-17T23:34:48.370905Z,91813.68,0.01495765
2025-11-17T23:34:48.373591Z,91813.68,0.0035669
2025-11-17T23:34:48.376927Z,91813.68,0.00354348
2025-11-17T23:34:48.380331Z,91813.68,0.00360796
2025-11-17T23:34:48.384205Z,91813.68,0.0040799
2025-11-17T23:34:48.387888Z,91813.68,0.00407887
2025-11-17T23:34:48.391935Z,91813.68,0.003858
2025-11-17T23:34:48.395423Z,91813.68,0.00434929
2025-11-17T23:34:48.398767Z,91813.68,0.00370181
2025-11-17T23:34:48.402178Z,91813.68,0.00375931
2025-11-17T23:34:48.405697Z,91813.68,0.00359402
2025-11-17T23:34:48.410461Z,91813.68,0.00439708
2025-11-17T23:34:48.414285Z,91813.68,0.00488865
2025-11-17T23:34:48.417196Z,91813.68,0.00330823
2025-11-17T23:34:48.420356Z,91813.68,0.0033444
2025-11-17T23:34:48.423867Z,91813.68,0.00386381
2025-11-17T23:34:48.427590Z,91813.68,0.00368499
2025-11-17T23:34:48.431341Z,91813.68,0.00437755
2025-11-17T23:34:48.435222Z,91813.68,0.00388865
2025-11-17T23:34:48.438970Z,91813.68,0.00444468
2025-11-17T23:34:48.442468Z,91813.68,0.00363005
2025-11-17T23:34:48.445927Z,91813.68,0.00392633
2025-11-17T23:34:48.484960Z,91813.68,0.04233209
2025-11-17T23:34:48.485870Z,91813.67,0.00016337
2025-11-17T23:34:48.591327Z,91813.68,0.1553554
2025-11-17T23:34:48.593628Z,91813.68,0.00862283
2025-11-17T23:34:48.595757Z,91813.68,0.00995399
2025-11-17T23:34:48.596398Z,91813.68,0.04304339
2025-11-17T23:34:48.597682Z,91813.68,0.06481454
2025-11-17T23:34:48.598541Z,91813.68,0.00711918
2025-11-17T23:34:48.598657Z,91813.68,0.00749068
2025-11-17T23:34:48.600061Z,91813.68,0.07260347
2025-11-17T23:34:48.641616Z,91813.67,0.011
2025-11-17T23:34:48.730601Z,91813.68,0.05594513
2025-11-17T23:34:48.734385Z,91813.68,0.00434472
2025-11-17T23:34:48.735023Z,91813.68,0.01457298
2025-11-17T23:34:48.737913Z,91813.68,0.00325458
2025-11-17T23:34:48.741434Z,91813.68,0.00358174
2025-11-17T23:34:48.745432Z,91813.68,0.00384293
2025-11-17T23:34:48.748980Z,91813.68,0.00410392
2025-11-17T23:34:48.752282Z,91813.68,0.00663173
2025-11-17T23:34:48.752781Z,91813.68,0.00397775
2025-11-17T23:34:48.755591Z,91813.68,0.0032591
2025-11-17T23:34:48.758749Z,91813.68,0.00384842
2025-11-17T23:34:48.768644Z,91813.68,0.00211686
2025-11-17T23:34:48.871490Z,91813.68,0.0009
2025-11-17T23:34:48.963999Z,91813.68,0.01379071
2025-11-17T23:34:48.970494Z,91813.68,0.0713484
2025-11-17T23:34:48.972534Z,91813.68,0.00225264
2025-11-17T23:34:48.974842Z,91813.68,0.00208407
2025-11-17T23:34:48.975021Z,91813.68,0.03324309
2025-11-17T23:34:48.977792Z,91813.68,0.00276016
2025-11-17T23:34:48.981120Z,91813.68,0.0040473
2025-11-17T23:34:48.984905Z,91813.68,0.00385579
2025-11-17T23:34:48.989372Z,91813.68,0.00483649
2025-11-17T23:34:48.989863Z,91813.68,0.00248948
2025-11-17T23:34:48.992686Z,91813.68,0.00345565
2025-11-17T23:34:48.996855Z,91813.68,0.00473839
2025-11-17T23:34:49.000187Z,91813.68,0.00352117
2025-11-17T23:34:49.006153Z,91813.68,0.00590452
2025-11-17T23:34:49.009714Z,91813.68,0.00424991
2025-11-17T23:34:49.012706Z,91813.68,0.00361628
2025-11-17T23:34:49.015264Z,91813.68,0.00250498
2025-11-17T23:34:49.015936Z,91813.68,0.01967857
2025-11-17T23:34:49.018862Z,91813.68,0.00317046
2025-11-17T23:34:49.022414Z,91813.68,0.00388255
2025-11-17T23:34:49.026806Z,91813.68,0.00479587
2025-11-17T23:34:49.030328Z,91813.68,0.00387809
2025-11-17T23:34:49.033670Z,91813.68,0.00352001
2025-11-17T23:34:49.037399Z,91813.68,0.00387464
2025-11-17T23:34:49.040238Z,91813.68,0.01598348
2025-11-17T23:34:49.162346Z,91813.68,0.01425472
2025-11-17T23:34:49.164298Z,91813.68,0.0293615
2025-11-17T23:34:49.165990Z,91813.68,0.03948925
2025-11-17T23:34:49.167472Z,91813.68,0.03061573
2025-11-17T23:34:49.169161Z,91813.68,0.00238285
2025-11-17T23:34:49.172379Z,91813.68,0.0027485
2025-11-17T23:34:49.174409Z,91813.68,0.00309835
2025-11-17T23:34:49.176968Z,91813.68,0.00259862
2025-11-17T23:34:49.178705Z,91813.68,0.00194816
2025-11-17T23:34:49.180420Z,91813.68,0.00213088
2025-11-17T23:34:49.182183Z,91813.68,0.00181817
2025-11-17T23:34:49.184754Z,91813.68,0.00268786
2025-11-17T23:34:49.190073Z,91813.68,0.00374225
2025-11-17T23:34:49.194721Z,91813.68,0.00572193
2025-11-17T23:34:49.199679Z,91813.68,0.00538511
2025-11-17T23:34:49.203136Z,91813.68,0.00525718
2025-11-17T23:34:49.205400Z,91813.68,0.00224029
2025-11-17T23:34:49.205609Z,91813.68,0.00368973
2025-11-17T23:34:49.207473Z,91813.68,0.00227534
2025-11-17T23:34:49.209618Z,91813.68,0.00212777
2025-11-17T23:34:49.211367Z,91813.68,0.00182925
2025-11-17T23:34:49.213353Z,91813.68,0.00208048
2025-11-17T23:34:49.214934Z,91813.68,0.0019372
2025-11-17T23:34:49.216634Z,91813.68,0.00184815
2025-11-17T23:34:49.218358Z,91813.68,0.00190341
2025-11-17T23:34:49.220796Z,91813.68,0.00180503
2025-11-17T23:34:49.221531Z,91813.68,0.00178715
2025-11-17T23:34:49.224462Z,91813.68,0.00277383
2025-11-17T23:34:49.225834Z,91813.68,0.00189366
2025-11-17T23:34:49.227848Z,91813.68,0.00202411
2025-11-17T23:34:49.304649Z,91813.68,0.03957664
2025-11-17T23:34:49.308648Z,91813.68,0.00455912
2025-11-17T23:34:49.704275Z,91813.68,0.169133
2025-11-17T23:34:49.718708Z,91813.68,1.50793683
2025-11-17T23:34:49.718708Z,91813.68,0.00018625
2025-11-17T23:34:49.759907Z,91817.93,0.109
2025-11-17T23:34:51.289187Z,91817.94,1.2e-05
2025-11-17T23:34:51.289187Z,91817.94,0.00018627
2025-11-17T23:34:51.371100Z,91822.3,0.00135
2025-11-17T23:34:52.179157Z,91822.18,9.14e-06
2025-11-17T23:34:52.179157Z,91821.84,2.823e-05
2025-11-17T23:34:52.179157Z,91821.83,0.00028927
2025-11-17T23:34:52.561031Z,91822.32,1.2e-05
2025-11-17T23:34:52.561031Z,91822.32,0.00018627
2025-11-17T23:34:52.561031Z,91822.93,0.01089053
2025-11-17T23:34:52.561031Z,91824.0,0.0429
2025-11-17T23:34:52.561031Z,91825.41,0.00499998
2025-11-17T23:34:52.561031Z,91826.0,0.03228522
2025-11-17T23:34:52.984643Z,91824.0,0.00053914
2025-11-17T23:34:52.987274Z,91821.27,2.826e-05
2025-11-17T23:34:52.987274Z,91821.19,0.00135174
2025-11-17T23:34:54.299350Z,91824.0,0.00018627
2025-11-17T23:34:54.299350Z,91824.46,7.834e-05
2025-11-17T23:34:54.592648Z,91826.69,0.00138
2025-11-17T23:34:54.876752Z,91826.7,1.049e-05
2025-11-17T23:34:55.124419Z,91826.7,1.51e-06
2025-11-17T23:34:55.124419Z,91826.7,3.736e-05
2025-11-17T23:34:55.168076Z,91826.7,7.093e-05
2025-11-17T23:34:55.168076Z,91827.97,0.00054898
2025-11-17T23:34:55.182118Z,91828.51,4.849e-05
2025-11-17T23:34:55.745676Z,91828.51,0.00104049
2025-11-17T23:34:55.745676Z,91828.97,1.794e-05
2025-11-17T23:34:56.174817Z,91831.08,1.2e-05
2025-11-17T23:34:56.174817Z,91832.41,9.583e-05
2025-11-17T23:34:56.211930Z,91832.97,0.02310716
2025-11-17T23:34:56.211930Z,91829.8,0.01088971
2025-11-17T23:34:56.211930Z,91827.68,2.544e-05
2025-11-17T23:34:56.211930Z,91827.67,0.04430769
2025-11-17T23:34:57.059149Z,91831.68,0.00041319
2025-11-17T23:34:57.170916Z,91831.68,0.06141581
2025-11-17T23:34:57.170916Z,91831.68,2.342e-05
2025-11-17T23:34:57.275279Z,91833.0,0.00415259
2025-11-17T23:34:57.276435Z,91833.0,0.07584741
2025-11-17T23:34:57.503888Z,91835.46,1.2e-05
2025-11-17T23:34:57.503888Z,91839.84,1.2e-05
2025-11-17T23:34:57.503888Z,91840.0,0.0429
2025-11-17T23:34:57.503888Z,91840.2,0.00021714
2025-11-17T23:34:57.540385Z,91840.32,4.57e-06
2025-11-17T23:34:57.540385Z,91840.32,6.09e-06
2025-11-17T23:34:57.540385Z,91840.0,0.00731236
2025-11-17T23:34:57.613499Z,91844.22,1.2e-05
2025-11-17T23:34:57.613499Z,91846.0,9.13e-05
2025-11-17T23:34:57.820039Z,91846.01,0.1312
2025-11-17T23:34:57.952773Z,91846.02,0.00108876
2025-11-17T23:34:59.427271Z,91847.31,1.701e-05
2025-11-17T23:34:59.427271Z,91847.31,1.52e-06
2025-11-17T23:34:59.427271Z,91847.29,0.00789147
2025-11-17T23:35:00.203801Z,91847.32,0.00309893
2025-11-17T23:35:00.481393Z,91847.32,1.049e-05
2025-11-17T23:35:01.038432Z,91847.31,1.08e-06
2025-11-17T23:35:01.038432Z,91847.31,1.782e-05
2025-11-17T23:35:01.038432Z,91844.03,0.0013011
2025-11-17T23:35:01.222163Z,91844.04,0.02303829
2025-11-17T23:35:01.979877Z,91845.75,1.996e-05
2025-11-17T23:35:01.979877Z,91845.75,1.41e-06
2025-11-17T23:35:01.979877Z,91844.03,0.01959404
2025-11-17T23:35:01.979877Z,91840.37,0.01138459
2025-11-17T23:35:02.003313Z,91841.84,0.00539046
2025-11-17T23:35:02.670039Z,91841.82,2.395e-05
2025-11-17T23:35:02.670039Z,91838.39,0.00134605
2025-11-17T23:35:03.025392Z,91839.99,0.00013746
2025-11-17T23:35:03.167096Z,91839.99,0.00244205
2025-11-17T23:35:03.697726Z,91839.99,2.328e-05
2025-11-17T23:35:03.697726Z,91839.98,1.52e-06
2025-11-17T23:35:03.697726Z,91837.12,0.00213065
2025-11-17T23:35:03.937786Z,91836.0,0.00052922
2025-11-17T23:35:04.510112Z,91844.63,0.02310423
2025-11-17T23:35:04.510112Z,91842.18,2.577e-05
2025-11-17T23:35:04.791551Z,91840.0,0.002324
2025-11-17T23:35:05.183463Z,91841.99,0.0024752
2025-11-17T23:35:05.183463Z,91844.0,0.0006996
2025-11-17T23:35:05.698932Z,91845.76,0.00026423
2025-11-17T23:35:05.973571Z,91847.32,0.01032909
2025-11-17T23:35:06.103970Z,91847.31,0.01088763
2025-11-17T23:35:06.103970Z,91847.31,1.237e-05
2025-11-17T23:35:06.419098Z,91847.32,0.00722888
2025-11-17T23:35:06.535158Z,91847.31,2.06e-06
2025-11-17T23:35:06.535158Z,91847.31,2.211e-05
2025-11-17T23:35:06.535158Z,91847.31,0.01088763
2025-11-17T23:35:06.535158Z,91847.29,0.02310356
2025-11-17T23:35:06.535158Z,91844.05,0.02024812
2025-11-17T23:35:07.260496Z,91847.32,0.03544869
2025-11-17T23:35:07.266677Z,91847.32,0.05138392
2025-11-17T23:35:07.266677Z,91847.32,0.01544456
2025-11-17T23:35:07.297595Z,91847.32,1.425e-05
2025-11-17T23:35:07.319587Z,91847.32,5.163e-05
2025-11-17T23:35:07.325180Z,91847.32,1e-07
2025-11-17T23:35:07.489799Z,91847.31,2.222e-05
2025-11-17T23:35:07.489799Z,91847.29,0.02310356
2025-11-17T23:35:07.489799Z,91846.86,0.01088768
2025-11-17T23:35:07.702572Z,91847.31,2.356e-05
2025-11-17T23:35:07.702572Z,91847.29,0.02310356
2025-11-17T23:35:07.702572Z,91846.83,0.01088769
2025-11-17T23:35:07.702572Z,91846.65,0.01088771
2025-11-17T23:35:07.702572Z,91845.66,0.025
2025-11-17T23:35:07.702572Z,91841.44,0.03909748
2025-11-17T23:35:07.853621Z,91847.32,0.00327901
2025-11-17T23:35:07.853621Z,91847.32,0.00018626
2025-11-17T23:35:07.865475Z,91848.6,1.2e-05
2025-11-17T23:35:07.865475Z,91850.0,0.00881688
2025-11-17T23:35:07.893081Z,91851.96,0.02310239
2025-11-17T23:35:07.893081Z,91848.0,0.02689761
2025-11-17T23:35:07.962318Z,91851.98,7.402e-05
2025-11-17T23:35:08.182306Z,91852.98,1.2e-05
2025-11-17T23:35:08.182306Z,91852.98,0.057637
2025-11-17T23:35:08.189713Z,91856.0,0.0429
2025-11-17T23:35:08.408638Z,91857.36,1.2e-05
2025-11-17T23:35:08.408638Z,91861.74,1.2e-05
2025-11-17T23:35:08.408638Z,91861.99,0.00028911
2025-11-17T23:35:09.142092Z,91866.11,1.438e-05
2025-11-17T23:35:09.142092Z,91866.0,0.01088542
2025-11-17T23:35:09.142092Z,91862.94,0.01078136
2025-11-17T23:35:09.297978Z,91866.12,1.2e-05
2025-11-17T23:35:09.297978Z,91866.12,0.00591726
2025-11-17T23:35:09.316523Z,91866.11,1.438e-05
2025-11-17T23:35:09.316523Z,91866.09,0.01853562
2025-11-17T23:35:09.603331Z,91870.5,1.2e-05
2025-11-17T23:35:09.603331Z,91871.92,0.00210425
2025-11-17T23:35:09.630333Z,91871.93,0.00024791
2025-11-17T23:35:09.714960Z,91871.94,0.00108847
2025-11-17T23:35:09.714960Z,91873.08,1.634e-05
2025-11-17T23:35:09.714960Z,91874.0,0.00063089
2025-11-17T23:35:09.755805Z,91874.88,1.2e-05
2025-11-17T23:35:09.755805Z,91875.49,0.00022091
2025-11-17T23:35:10.253621Z,91873.99,8.7e-07
2025-11-17T23:35:10.253621Z,91873.97,0.02309685
2025-11-17T23:35:10.253621Z,91870.97,0.00690228
2025-11-17T23:35:10.315531Z,91868.0,0.00039914
2025-11-17T23:35:10.938370Z,91869.8,1.854e-05
2025-11-17T23:35:10.938370Z,91867.99,1.611e-05
2025-11-17T23:35:10.938370Z,91867.99,1.95e-06
2025-11-17T23:35:10.938370Z,91867.64,0.01088522
2025-11-17T23:35:10.938370Z,91867.64,2.83e-05
2025-11-17T23:35:10.938370Z,91866.1,0.01536249
2025-11-17T23:35:10.938370Z,91866.0,0.0429
2025-11-17T23:35:10.938370Z,91865.98,0.02309868
2025-11-17T23:35:10.938370Z,91864.76,0.01668871
2025-11-17T23:35:12.092490Z,91873.6,0.00018628
2025-11-17T23:35:12.546915Z,91879.25,0.00136
2025-11-17T23:35:12.584319Z,91879.26,1.2e-05
2025-11-17T23:35:12.584319Z,91882.0,4.056e-05
2025-11-17T23:35:13.129603Z,91880.0,0.00688777
2025-11-17T23:35:13.197633Z,91879.99,1.26e-06
2025-11-17T23:35:13.641755Z,91880.79,2.468e-05
2025-11-17T23:35:13.641755Z,91880.78,0.00272389
2025-11-17T23:35:14.094067Z,91881.16,1e-07
2025-11-17T23:35:14.174058Z,91879.99,2.005e-05
2025-11-17T23:35:14.174058Z,91877.14,0.108841
2025-11-17T23:35:14.174058Z,91873.78,0.00014895
2025-11-17T23:35:14.217755Z,91880.0,0.00084081
2025-11-17T23:35:14.835236Z,91880.0,0.00021151
2025-11-17T23:35:15.296560Z,91880.0,3.21e-05
2025-11-17T23:35:15.381811Z,91883.63,0.004
2025-11-17T23:35:15.784833Z,91879.99,2.485e-05
2025-11-17T23:35:15.784833Z,91875.53,0.00131515
2025-11-17T23:35:15.832606Z,91880.0,0.00107759
2025-11-17T23:35:16.341432Z,91880.0,0.01077565
2025-11-17T23:35:16.640955Z,91880.0,0.01058038
2025-11-17T23:35:17.068812Z,91880.0,0.0027328
2025-11-17T23:35:17.068812Z,91880.0,0.00018627
2025-11-17T23:35:17.396054Z,91883.63,0.00138
2025-11-17T23:35:18.468969Z,91883.64,1.2e-05
2025-11-17T23:35:18.468969Z,91883.64,0.00019445
2025-11-17T23:35:18.974228Z,91884.0,0.00023322
2025-11-17T23:35:18.993396Z,91884.0,4.004e-05
2025-11-17T23:35:19.009430Z,91883.99,1.819e-05
2025-11-17T23:35:19.009430Z,91883.97,0.02309434
2025-11-17T23:35:19.009430Z,91883.63,6.96e-06
2025-11-17T23:35:19.009430Z,91883.63,0.01088333
2025-11-17T23:35:19.009430Z,91883.17,0.01088339
2025-11-17T23:35:19.009430Z,91880.04,0.00130605
2025-11-17T23:35:19.009430Z,91880.03,0.03213774
2025-11-17T23:35:19.117124Z,91884.0,0.01032347
2025-11-17T23:35:19.198608Z,91884.0,0.0024674
2025-11-17T23:35:19.339022Z,91884.0,0.00026442
2025-11-17T23:35:19.343331Z,91884.0,0.00021151
2025-11-17T23:35:19.814028Z,91883.99,2.108e-05
2025-11-17T23:35:19.814028Z,91883.51,0.01088335
2025-11-17T23:35:19.817193Z,91879.99,1.85e-06
2025-11-17T23:35:19.820940Z,91883.99,2.108e-05
2025-11-17T23:35:19.914287Z,91872.0,0.0429
2025-11-17T23:35:19.914287Z,91872.0,0.1312
2025-11-17T23:35:19.914287Z,91874.0,0.0429
2025-11-17T23:35:19.914287Z,91876.0,0.0429
2025-11-17T23:35:19.914287Z,91876.69,0.03265246
2025-11-17T23:35:19.914287Z,91878.0,0.0429
2025-11-17T23:35:19.914287Z,91878.48,0.16454754
2025-11-17T23:35:20.582696Z,91871.35,2.918e-05
2025-11-17T23:35:20.630926Z,91870.86,1.52e-06
2025-11-17T23:35:20.630926Z,91870.5,1.2e-05
2025-11-17T23:35:20.630926Z,91866.12,1.2e-05
2025-11-17T23:35:20.630926Z,91862.56,0.02309972
2025-11-17T23:35:20.630926Z,91862.01,1.321e-05
2025-11-17T23:35:20.630926Z,91862.0,0.01370997
2025-11-17T23:35:20.630926Z,91861.74,1.2e-05
2025-11-17T23:35:20.630926Z,91857.59,0.01088641
2025-11-17T23:35:20.630926Z,91857.36,1.2e-05
2025-11-17T23:35:20.630926Z,91856.49,0.08344117
2025-11-17T23:35:21.018210Z,91860.0,0.00666855
2025-11-17T23:35:21.106065Z,91859.99,1.321e-05
2025-11-17T23:35:21.106065Z,91859.99,1.52e-06
2025-11-17T23:35:21.113128Z,91859.99,1.321e-05
2025-11-17T23:35:21.426171Z,91852.99,0.00010581
2025-11-17T23:35:22.247576Z,91861.98,0.00791
2025-11-17T23:35:22.746966Z,91861.98,0.00105762
2025-11-17T23:35:23.048753Z,91861.97,3.04e-06
2025-11-17T23:35:23.048753Z,91861.97,4.57e-06
2025-11-17T23:35:23.048753Z,91861.91,3.272e-05
2025-11-17T23:35:23.374573Z,91861.98,0.00018627
2025-11-17T23:35:23.374573Z,91862.0,0.00265249
2025-11-17T23:35:23.873755Z,91866.2,0.00137
2025-11-17T23:35:24.839802Z,91874.88,1.2e-05
2025-11-17T23:35:24.839802Z,91879.26,1.2e-05
2025-11-17T23:35:24.839802Z,91883.64,1.2e-05
2025-11-17T23:35:24.839802Z,91884.05,0.00022206
2025-11-17T23:35:25.042375Z,91883.63,0.00529866
2025-11-17T23:35:25.485947Z,91882.0,0.02386
2025-11-17T23:35:26.780247Z,91883.64,9.87e-06
2025-11-17T23:35:26.847038Z,91883.64,2.13e-06
2025-11-17T23:35:26.847038Z,91883.64,0.00105574
2025-11-17T23:35:27.010426Z,91883.64,0.09428826
2025-11-17T23:35:27.010426Z,91883.64,0.00018627
2025-11-17T23:35:27.112448Z,91888.02,1.2e-05
2025-11-17T23:35:27.112448Z,91889.54,1.633e-05
2025-11-17T23:35:27.112448Z,91891.99,0.00050058
2025-11-17T23:35:27.114986Z,91891.99,0.00026107
2025-11-17T23:35:27.258056Z,91892.38,0.01088229
2025-11-17T23:35:27.258056Z,91892.37,0.02309223
2025-11-17T23:35:27.258056Z,91890.0,0.0429
2025-11-17T23:35:27.258056Z,91889.06,0.10882687
2025-11-17T23:35:27.258056Z,91888.01,4.67e-06
2025-11-17T23:35:27.258056Z,91888.0,0.01379394
2025-11-17T23:35:27.310597Z,91892.38,0.00025805
2025-11-17T23:35:27.456286Z,91892.38,0.00052894
2025-11-17T23:35:27.775846Z,91892.38,0.00052884
2025-11-17T23:35:27.804295Z,91892.37,0.00137
2025-11-17T23:35:27.823783Z,91892.38,0.04231474
2025-11-17T23:35:28.032275Z,91892.37,0.00054
2025-11-17T23:35:28.115236Z,91892.38,0.00016165
2025-11-17T23:35:28.835374Z,91892.38,0.00317171
2025-11-17T23:35:29.411738Z,91892.37,6.5e-07
2025-11-17T23:35:29.411738Z,91892.35,0.00067862
2025-11-17T23:35:29.412138Z,91892.35,0.02241361
2025-11-17T23:35:29.412138Z,91888.62,0.01088273
2025-11-17T23:35:29.412138Z,91888.01,1.586e-05
2025-11-17T23:35:29.412138Z,91888.0,0.02910606
2025-11-17T23:35:29.412138Z,91886.0,0.0429
2025-11-17T23:35:29.412138Z,91886.0,2.826e-05
2025-11-17T23:35:29.412138Z,91885.08,0.00364348
2025-11-17T23:35:29.464748Z,91887.93,0.00026285
2025-11-17T23:35:29.789943Z,91887.93,0.01057622
2025-11-17T23:35:30.019614Z,91887.93,0.00211596
2025-11-17T23:35:30.030496Z,91887.92,1.908e-05
2025-11-17T23:35:30.030496Z,91885.51,1.85e-06
2025-11-17T23:35:30.030496Z,91885.32,0.0006974
2025-11-17T23:35:30.106022Z,91886.0,0.00105783
2025-11-17T23:35:30.741021Z,91886.0,9.17e-06
2025-11-17T23:35:30.798331Z,91886.0,0.00016166
2025-11-17T23:35:30.809486Z,91885.99,1.782e-05
2025-11-17T23:35:30.809486Z,91885.99,0.01088305
2025-11-17T23:35:30.809486Z,91885.97,0.02309384
2025-11-17T23:35:30.809486Z,91885.53,1.57e-05
2025-11-17T23:35:31.019744Z,91883.92,1.782e-05
2025-11-17T23:35:31.019744Z,91883.62,1.52e-06
2025-11-17T23:35:31.019744Z,91879.26,1.2e-05
2025-11-17T23:35:31.019744Z,91876.35,0.01088419
2025-11-17T23:35:31.019744Z,91875.58,0.09807447
2025-11-17T23:35:31.462938Z,91876.46,1.035e-05
2025-11-17T23:35:31.595192Z,91876.46,0.00018626
2025-11-17T23:35:31.595192Z,91876.46,0.0008914
2025-11-17T23:35:31.698252Z,91876.46,0.00105769
2025-11-17T23:35:31.982898Z,91877.88,0.00015864
2025-11-17T23:35:32.061630Z,91877.88,0.01057625
2025-11-17T23:35:32.133759Z,91877.88,0.02643755
2025-11-17T23:35:32.141039Z,91877.88,0.00015422
2025-11-17T23:35:32.234066Z,91877.88,0.00052882
2025-11-17T23:35:32.317082Z,91877.88,1e-07
2025-11-17T23:35:32.332201Z,91877.88,0.00017422
2025-11-17T23:35:32.375502Z,91877.88,0.00010775
2025-11-17T23:35:32.427378Z,91877.88,0.00120783
2025-11-17T23:35:32.632844Z,91877.86,0.00134
2025-11-17T23:35:32.766681Z,91877.86,5.442e-05
2025-11-17T23:35:32.969824Z,91877.87,0.00026441
2025-11-17T23:35:33.022319Z,91877.86,1.52e-06
2025-11-17T23:35:33.022319Z,91877.86,4.68e-06
2025-11-17T23:35:33.026332Z,91874.88,1.2e-05
2025-11-17T23:35:33.656302Z,91871.05,0.00026441
2025-11-17T23:35:33.737198Z,91871.05,0.00289959
2025-11-17T23:35:33.737198Z,91871.5,0.00108399
2025-11-17T23:35:33.737198Z,91871.51,0.01088477
2025-11-17T23:35:33.737198Z,91871.99,0.0485958
2025-11-17T23:35:33.737198Z,91872.0,0.0407
2025-11-17T23:35:33.737198Z,91874.0,0.0407
2025-11-17T23:35:33.737198Z,91874.88,0.15209001
2025-11-17T23:35:33.737198Z,91875.96,0.02929376
2025-11-17T23:35:33.737198Z,91876.0,0.0407
2025-11-17T23:35:33.737198Z,91877.53,0.02510921
2025-11-17T23:35:33.737198Z,91877.57,0.00359349
2025-11-17T23:35:33.737198Z,91877.78,0.01974068
2025-11-17T23:35:33.737198Z,91877.89,0.09342
2025-11-17T23:35:33.737198Z,91878.0,0.0429
2025-11-17T23:35:33.737198Z,91879.6,0.12344431
2025-11-17T23:35:33.737198Z,91879.6,0.32678891
2025-11-17T23:35:34.009176Z,91871.89,0.00016161
2025-11-17T23:35:34.070464Z,91871.88,0.0084606
2025-11-17T23:35:34.303613Z,91871.83,0.02309739
2025-11-17T23:35:34.303613Z,91871.04,5.4e-07
2025-11-17T23:35:34.303613Z,91870.5,1.2e-05
2025-11-17T23:35:34.303613Z,91868.0,0.00130622
2025-11-17T23:35:34.303613Z,91867.99,0.00107642
2025-11-17T23:35:34.303613Z,91867.16,0.08350743
2025-11-17T23:35:34.440331Z,91867.99,0.025
2025-11-17T23:35:34.886580Z,91867.93,0.003
2025-11-17T23:35:35.045813Z,91867.93,5.2e-05
2025-11-17T23:35:35.045813Z,91867.94,0.0001595
2025-11-17T23:35:35.307203Z,91867.93,0.00089931
2025-11-17T23:35:35.497333Z,91871.99,9.288e-05
2025-11-17T23:35:36.448669Z,91871.73,0.0972
2025-11-17T23:35:36.449544Z,91871.73,0.034
2025-11-17T23:35:36.449544Z,91871.99,0.0474018
2025-11-17T23:35:36.450556Z,91871.99,0.0231039
2025-11-17T23:35:36.463087Z,91875.99,0.00135
2025-11-17T23:35:36.464115Z,91875.99,0.07156422
2025-11-17T23:35:36.465310Z,91875.99,0.00265622
2025-11-17T23:35:36.467881Z,91875.99,0.00875656
2025-11-17T23:35:37.561053Z,91871.99,2.539e-05
2025-11-17T23:35:37.561053Z,91871.99,4.57e-06
2025-11-17T23:35:37.561053Z,91870.5,1.2e-05
2025-11-17T23:35:37.561053Z,91870.03,1.95e-06
2025-11-17T23:35:37.561053Z,91866.12,1.2e-05
2025-11-17T23:35:37.561053Z,91864.05,0.08935409
2025-11-17T23:35:38.007636Z,91871.99,0.00324881
2025-11-17T23:35:38.193521Z,91871.99,0.00430939
2025-11-17T23:35:38.297266Z,91871.98,0.05
2025-11-17T23:35:38.297266Z,91871.98,2.588e-05
2025-11-17T23:35:38.297266Z,91871.96,0.05
2025-11-17T23:35:38.391954Z,91862.5,0.00026444
2025-11-17T23:35:38.438457Z,91862.5,0.00021551
2025-11-17T23:35:38.634553Z,91862.49,2.588e-05
2025-11-17T23:35:38.634553Z,91862.48,0.05
2025-11-17T23:35:38.634553Z,91862.46,0.05
2025-11-17T23:35:38.867826Z,91861.97,0.00027199
2025-11-17T23:35:38.867826Z,91861.97,2.597e-05
2025-11-17T23:35:38.867826Z,91861.96,0.05
2025-11-17T23:35:38.867826Z,91861.94,0.05
2025-11-17T23:35:38.867826Z,91861.74,1.2e-05
2025-11-17T23:35:38.974777Z,91861.98,0.00528845
2025-11-17T23:35:39.078665Z,91861.97,2.737e-05
2025-11-17T23:35:39.078665Z,91861.96,0.05
2025-11-17T23:35:39.078665Z,91861.94,0.05
2025-11-17T23:35:39.286301Z,91857.37,0.00021511
2025-11-17T23:35:39.732531Z,91857.98,4.152e-05
2025-11-17T23:35:40.177346Z,91857.97,0.00107107
2025-11-17T23:35:40.278576Z,91857.37,0.00061951
2025-11-17T23:35:40.408483Z,91857.37,0.00026936
2025-11-17T23:35:40.885945Z,91857.36,1.2e-05
2025-11-17T23:35:40.885945Z,91854.21,2.344e-05
2025-11-17T23:35:40.885945Z,91854.18,0.02310183
2025-11-17T23:35:40.885945Z,91852.98,1.2e-05
2025-11-17T23:35:40.885945Z,91850.09,0.0108873
2025-11-17T23:35:40.885945Z,91848.6,1.2e-05
2025-11-17T23:35:40.885945Z,91848.13,0.09715143
2025-11-17T23:35:41.436724Z,91851.96,2.381e-05
2025-11-17T23:35:41.436724Z,91851.95,1.52e-06
2025-11-17T23:35:41.436724Z,91851.95,2.39e-06
2025-11-17T23:35:41.436724Z,91851.94,0.02310239
2025-11-17T23:35:41.436724Z,91847.29,0.00936151
2025-11-17T23:35:41.436724Z,91847.29,0.01554829
2025-11-17T23:35:41.436724Z,91847.09,0.02310239
2025-11-17T23:35:41.436724Z,91846.0,0.0368
2025-11-17T23:35:41.436724Z,91845.94,0.09372577
2025-11-17T23:35:41.541668Z,91851.97,0.01057524
2025-11-17T23:35:41.590980Z,91851.96,1.582e-05
2025-11-17T23:35:41.592064Z,91848.06,0.01088754
2025-11-17T23:35:41.701919Z,91845.99,0.03263244
2025-11-17T23:35:41.701919Z,91845.99,1.918e-05
2025-11-17T23:35:41.827963Z,91844.22,1.2e-05
2025-11-17T23:35:41.827963Z,91844.22,2.597e-05
2025-11-17T23:35:41.962203Z,91839.84,1.2e-05
2025-11-17T23:35:41.962203Z,91839.84,2.597e-05
2025-11-17T23:35:41.963311Z,91836.66,0.0231047
2025-11-17T23:35:41.966741Z,91835.46,1.2e-05
2025-11-17T23:35:41.970042Z,91839.84,2.597e-05
2025-11-17T23:35:41.989876Z,91831.08,1.2e-05
2025-11-17T23:35:42.063707Z,91828.0,0.00022717
2025-11-17T23:35:42.171593Z,91827.99,2.531e-05
2025-11-17T23:35:42.171593Z,91826.96,4.68e-06
2025-11-17T23:35:42.171593Z,91826.78,4.403e-05
2025-11-17T23:35:42.519510Z,91828.0,0.0012389
2025-11-17T23:35:42.548626Z,91828.0,0.00105776
2025-11-17T23:35:42.573606Z,91827.99,2.596e-05
2025-11-17T23:35:42.577372Z,91826.7,1.2e-05
2025-11-17T23:35:42.691941Z,91822.33,0.00538849
2025-11-17T23:35:44.030117Z,91822.33,0.00951983
2025-11-17T23:35:44.125346Z,91822.32,1.2e-05
2025-11-17T23:35:44.125346Z,91822.3,0.018538
2025-11-17T23:35:44.272893Z,91822.33,0.00018626
2025-11-17T23:35:44.272893Z,91822.79,0.01039301
2025-11-17T23:35:44.283396Z,91825.98,0.00130622
2025-11-17T23:35:44.283396Z,91825.99,0.00927137
2025-11-17T23:35:44.368178Z,91825.99,0.0002263
2025-11-17T23:35:44.783120Z,91826.0,0.00349062
2025-11-17T23:35:45.111658Z,91825.98,0.00576608
2025-11-17T23:35:45.222283Z,91818.25,2.495e-05
2025-11-17T23:35:45.222283Z,91818.06,0.00113695
2025-11-17T23:35:45.431192Z,91821.99,2.48e-05
2025-11-17T23:35:45.431192Z,91818.06,0.04311634
2025-11-17T23:35:45.609516Z,91822.0,0.00053879
2025-11-17T23:35:45.823343Z,91822.0,0.00103259
2025-11-17T23:35:46.263498Z,91822.0,0.00018626
2025-11-17T23:35:46.263498Z,91822.46,0.01089058
2025-11-17T23:35:46.896294Z,91826.0,0.01077004
2025-11-17T23:35:47.345883Z,91825.99,2.346e-05
2025-11-17T23:35:47.345883Z,91825.99,4.57e-06
2025-11-17T23:35:47.345883Z,91825.97,0.00130197
2025-11-17T23:35:47.359659Z,91826.0,0.00317499
2025-11-17T23:35:47.495292Z,91826.0,0.00105808
2025-11-17T23:35:47.753013Z,91827.98,0.00100187
2025-11-17T23:35:47.986480Z,91826.0,0.00105833
2025-11-17T23:35:48.861093Z,91825.99,1.817e-05
2025-11-17T23:35:48.861093Z,91825.97,0.00185958
2025-11-17T23:35:49.231936Z,91826.0,0.00307266
2025-11-17T23:35:49.322633Z,91826.0,4.22e-05
2025-11-17T23:35:49.495098Z,91825.99,2.096e-05
2025-11-17T23:35:49.495098Z,91825.99,0.00162888
2025-11-17T23:35:49.901331Z,91826.0,0.00010162
2025-11-17T23:35:50.070512Z,91826.0,0.00024766
2025-11-17T23:35:50.281716Z,91826.0,0.00107605
2025-11-17T23:35:50.424289Z,91826.0,0.00013757
2025-11-17T23:35:50.448549Z,91826.0,0.00023236
2025-11-17T23:35:50.542992Z,91825.99,1.959e-05
2025-11-17T23:35:50.542992Z,91825.97,0.00132041
2025-11-17T23:35:50.583386Z,91826.0,0.00206599
2025-11-17T23:35:50.678579Z,91826.0,0.00023192
2025-11-17T23:35:50.678579Z,91826.46,0.01089011
2025-11-17T23:35:50.707437Z,91828.0,0.01567329
2025-11-17T23:35:50.707437Z,91828.0,0.00018156
2025-11-17T23:35:50.931205Z,91831.08,1.2e-05
2025-11-17T23:35:50.931205Z,91831.08,0.00027214
2025-11-17T23:35:51.641622Z,91832.26,1.945e-05
2025-11-17T23:35:52.137758Z,91832.26,0.01086996
2025-11-17T23:35:52.137758Z,91832.26,3.379e-05
2025-11-17T23:35:52.137758Z,91832.26,4.68e-06
2025-11-17T23:35:52.137758Z,91832.24,0.02310735
2025-11-17T23:35:52.137758Z,91827.06,2.89e-05
2025-11-17T23:35:52.137758Z,91827.05,0.06595532
2025-11-17T23:35:52.534124Z,91832.27,0.000191
2025-11-17T23:35:52.880617Z,91832.58,2.792e-05
2025-11-17T23:35:52.880617Z,91827.2,0.00217197
2025-11-17T23:35:53.818082Z,91830.0,0.00011314
2025-11-17T23:35:53.885677Z,91829.99,2.815e-05
2025-11-17T23:35:53.886962Z,91829.0,0.0108898
2025-11-17T23:35:54.757604Z,91830.0,0.00052881
2025-11-17T23:35:55.431382Z,91829.99,2.459e-05
2025-11-17T23:35:55.431382Z,91828.81,0.01426196
2025-11-17T23:35:55.919105Z,91826.0,0.01036682
2025-11-17T23:35:56.133395Z,91825.99,9.573e-05
2025-11-17T23:35:56.291218Z,91825.99,0.00136
2025-11-17T23:35:56.350567Z,91826.0,0.0009
2025-11-17T23:35:56.885878Z,91826.0,0.00107813
2025-11-17T23:35:56.904396Z,91826.0,0.00022727
2025-11-17T23:35:57.004910Z,91826.0,0.0001125
2025-11-17T23:35:57.540442Z,91825.99,0.00020897
2025-11-17T23:35:58.617302Z,91825.99,5.417e-05
2025-11-17T23:35:58.617302Z,91825.99,2.39e-05
2025-11-17T23:35:58.617302Z,91825.99,4.57e-06
2025-11-17T23:35:58.617302Z,91825.97,0.00019406
2025-11-17T23:35:58.642361Z,91825.98,0.00253686
2025-11-17T23:35:59.179841Z,91823.82,0.00658455
2025-11-17T23:35:59.328281Z,91823.82,0.00021162
2025-11-17T23:35:59.487666Z,91822.32,1.2e-05
2025-11-17T23:35:59.487666Z,91822.32,2.231e-05
2025-11-17T23:35:59.487666Z,91821.99,1.52e-06
2025-11-17T23:35:59.487666Z,91821.99,1.52e-06
2025-11-17T23:35:59.487666Z,91820.1,0.01089086
2025-11-17T23:35:59.487666Z,91818.47,0.00130692
2025-11-17T23:35:59.487666Z,91817.94,1.2e-05
2025-11-17T23:35:59.487666Z,91816.59,0.05083764
2025-11-17T23:35:59.487666Z,91816.46,0.01524523
2025-11-17T23:35:59.559332Z,91822.33,3.093e-05
2025-11-17T23:35:59.759900Z,91822.33,0.00105824
2025-11-17T23:36:00.523412Z,91822.32,2.107e-05
2025-11-17T23:36:00.523412Z,91821.44,0.02311007
2025-11-17T23:36:00.527485Z,91822.32,2.107e-05
2025-11-17T23:36:00.910687Z,91821.84,4.138e-05
2025-11-17T23:36:00.915740Z,91821.84,4.526e-05
2025-11-17T23:36:00.928471Z,91821.82,0.01603659
2025-11-17T23:36:01.027971Z,91821.81,0.00105827
2025-11-17T23:36:01.092774Z,91820.2,0.01089084
2025-11-17T23:36:01.092774Z,91818.74,2.107e-05
2025-11-17T23:36:01.092774Z,91818.73,0.10891023
2025-11-17T23:36:01.092774Z,91815.41,0.01137786
2025-11-17T23:36:01.631667Z,91820.0,0.00231668
2025-11-17T23:36:02.092197Z,91826.0,0.00018626
2025-11-17T23:36:02.092197Z,91826.0,2.34e-05
2025-11-17T23:36:02.687628Z,91831.07,3.032e-05
2025-11-17T23:36:02.687628Z,91831.06,0.00787968
2025-11-17T23:36:03.050835Z,91831.08,1.2e-05
2025-11-17T23:36:03.050835Z,91831.08,4.272e-05
2025-11-17T23:36:03.050835Z,91835.46,1.2e-05
2025-11-17T23:36:03.050835Z,91839.84,1.2e-05
2025-11-17T23:36:03.050835Z,91840.92,0.01413944
2025-11-17T23:36:03.050835Z,91840.93,0.00108883
2025-11-17T23:36:03.079407Z,91838.0,0.0284
2025-11-17T23:36:03.079407Z,91839.84,1.2e-05
2025-11-17T23:36:03.079407Z,91840.0,0.0284
2025-11-17T23:36:03.154616Z,91842.05,0.00108881
2025-11-17T23:36:03.235458Z,91844.0,6.533e-05
2025-11-17T23:36:03.492553Z,91844.21,2.943e-05
2025-11-17T23:36:03.492553Z,91844.21,0.00382052
2025-11-17T23:36:03.699790Z,91844.22,1.2e-05
2025-11-17T23:36:03.699790Z,91847.99,0.00021667
2025-11-17T23:36:04.284147Z,91848.59,0.00073744
2025-11-17T23:36:04.341773Z,91848.6,1.2e-05
2025-11-17T23:36:04.341773Z,91849.98,0.00130692
2025-11-17T23:36:04.341773Z,91849.99,0.00137646
2025-11-17T23:36:04.362182Z,91849.96,0.01
2025-11-17T23:36:04.947415Z,91849.97,0.00970313
2025-11-17T23:36:05.260734Z,91849.97,0.06869287
2025-11-17T23:36:05.843344Z,91842.0,0.00083018
2025-11-17T23:36:05.953859Z,91847.13,0.012851
2025-11-17T23:36:05.953859Z,91848.0,0.00104555
2025-11-17T23:36:06.158915Z,91847.68,0.0003
2025-11-17T23:36:06.776629Z,91847.66,0.00133
2025-11-17T23:36:07.344709Z,91846.84,0.00060948
2025-11-17T23:36:07.659012Z,91846.84,0.00026949
2025-11-17T23:36:07.992991Z,91846.84,0.005
2025-11-17T23:36:08.612640Z,91846.84,0.00036828
2025-11-17T23:36:08.821107Z,91846.84,2.156e-05
2025-11-17T23:36:09.879665Z,91846.84,0.00150902
2025-11-17T23:36:11.120986Z,91852.0,0.0505112
2025-11-17T23:36:11.234141Z,91852.98,1.2e-05
2025-11-17T23:36:11.234141Z,91855.71,0.012851
2025-11-17T23:36:11.234573Z,91856.68,0.00108865
2025-11-17T23:36:11.234573Z,91857.36,1.2e-05
2025-11-17T23:36:11.267465Z,91861.27,0.00026419
2025-11-17T23:36:11.605281Z,91855.99,0.0108866
2025-11-17T23:36:11.605281Z,91853.01,0.0125934
2025-11-17T23:36:11.659182Z,91856.0,0.00032983
2025-11-17T23:36:11.699546Z,91861.73,0.02135887
2025-11-17T23:36:11.699546Z,91861.74,1.2e-05
2025-11-17T23:36:11.857174Z,91866.0,0.00030978
2025-11-17T23:36:12.729687Z,91866.12,1.2e-05
2025-11-17T23:36:12.729687Z,91867.99,0.00104605
2025-11-17T23:36:13.557857Z,91865.63,1.382e-05
2025-11-17T23:36:13.557857Z,91865.12,3.533e-05
2025-11-17T23:36:13.557857Z,91861.12,0.00130631
2025-11-17T23:36:13.557857Z,91861.11,0.00038424
2025-11-17T23:36:13.737549Z,91860.0,0.01
2025-11-17T23:36:13.892972Z,91860.0,0.00206582
2025-11-17T23:36:14.040002Z,91859.99,0.01032684
2025-11-17T23:36:14.150961Z,91859.37,0.000235
2025-11-17T23:36:14.713234Z,91861.98,0.00130631
2025-11-17T23:36:14.713234Z,91861.99,0.00181334
2025-11-17T23:36:14.805711Z,91861.97,0.02309987
2025-11-17T23:36:14.805711Z,91856.18,3.013e-05
2025-11-17T23:36:15.170270Z,91856.0,1.41e-06
2025-11-17T23:36:15.170270Z,91852.98,1.2e-05
2025-11-17T23:36:15.170270Z,91851.83,0.00165268
2025-11-17T23:36:15.251610Z,91850.0,0.0257
2025-11-17T23:36:15.251610Z,91850.46,0.01088726
2025-11-17T23:36:15.251610Z,91852.0,0.0257
2025-11-17T23:36:15.251610Z,91856.0,0.00240297
2025-11-17T23:36:15.689105Z,91857.52,0.00010067
2025-11-17T23:36:17.092561Z,91857.99,0.00010655
2025-11-17T23:36:17.200853Z,91857.99,7.971e-05
2025-11-17T23:36:17.200853Z,91861.14,0.00026197
2025-11-17T23:36:17.533722Z,91861.14,0.00099771
2025-11-17T23:36:17.568318Z,91861.12,0.01088599
2025-11-17T23:36:17.568318Z,91858.32,0.00130635
2025-11-17T23:36:17.568318Z,91858.31,0.03841384
2025-11-17T23:36:17.996540Z,91861.12,0.01088599
2025-11-17T23:36:17.996540Z,91858.0,0.0244
2025-11-17T23:36:17.996540Z,91857.98,0.00537905
2025-11-17T23:36:17.996540Z,91856.08,0.00130639
2025-11-17T23:36:17.996540Z,91856.07,0.06701857
2025-11-17T23:36:18.025394Z,91861.13,0.00021481
2025-11-17T23:36:19.917810Z,91861.99,0.00592801
2025-11-17T23:36:20.381911Z,91861.99,7.75e-06
2025-11-17T23:36:20.739512Z,91861.99,0.07498724
2025-11-17T23:36:21.433293Z,91862.0,0.00215541
2025-11-17T23:36:21.578521Z,91862.0,0.00018631
2025-11-17T23:36:21.578521Z,91865.99,0.00087161
2025-11-17T23:36:21.884894Z,91865.99,0.00688626
2025-11-17T23:36:22.379157Z,91865.99,0.00010507
2025-11-17T23:36:22.801971Z,91865.98,0.01088542
2025-11-17T23:36:22.801971Z,91865.98,7.83e-06
2025-11-17T23:36:22.801971Z,91865.97,0.02309886
2025-11-17T23:36:22.801971Z,91863.26,0.07499789
2025-11-17T23:36:22.823155Z,91865.99,0.00052896
2025-11-17T23:36:22.837995Z,91865.97,0.02309886
2025-11-17T23:36:22.837995Z,91865.97,0.01088542
2025-11-17T23:36:22.837995Z,91861.98,0.00026888
2025-11-17T23:36:22.837995Z,91861.97,0.00022887
2025-11-17T23:36:22.837995Z,91859.23,0.02004035
2025-11-17T23:36:23.065176Z,91865.98,0.00158688
2025-11-17T23:36:23.274770Z,91865.98,0.006
2025-11-17T23:36:23.414271Z,91865.98,0.00103259
2025-11-17T23:36:23.523217Z,91865.98,0.0032329
2025-11-17T23:36:23.623743Z,91865.98,0.00057823
2025-11-17T23:36:23.686446Z,91865.98,0.00105788
2025-11-17T23:36:23.907155Z,91865.98,0.00010583
2025-11-17T23:36:24.196442Z,91865.97,0.02309886
2025-11-17T23:36:24.204084Z,91865.97,0.02309886
2025-11-17T23:36:24.395853Z,91852.98,1.2e-05
2025-11-17T23:36:24.395853Z,91852.0,0.0232
2025-11-17T23:36:24.395853Z,91850.0,0.0244
2025-11-17T23:36:24.395853Z,91848.6,1.2e-05
2025-11-17T23:36:24.395853Z,91848.0,0.0244
2025-11-17T23:36:24.395853Z,91847.83,0.02310241
2025-11-17T23:36:24.395853Z,91846.83,6.09e-06
2025-11-17T23:36:24.395853Z,91846.83,6.09e-06
2025-11-17T23:36:24.395853Z,91846.0,0.01386141
2025-11-17T23:36:24.544082Z,91858.0,0.00089387
2025-11-17T23:36:25.776047Z,91861.99,0.00010779
2025-11-17T23:36:25.988759Z,91863.98,0.11636405
2025-11-17T23:36:27.198132Z,91863.97,0.00010886
2025-11-17T23:36:27.393147Z,91863.98,0.00018626
2025-11-17T23:36:27.393147Z,91863.98,0.002618
2025-11-17T23:36:27.393147Z,91864.46,0.00795225
2025-11-17T23:36:27.715679Z,91864.45,0.0033236
2025-11-17T23:36:27.785303Z,91864.41,0.02309926
2025-11-17T23:36:27.785303Z,91863.97,4.57e-06
2025-11-17T23:36:27.785303Z,91863.97,0.00016652
2025-11-17T23:36:27.785303Z,91863.97,0.000286
2025-11-17T23:36:27.785303Z,91863.45,0.10764365
2025-11-17T23:36:29.068884Z,91864.43,2.301e-05
2025-11-17T23:36:29.073501Z,91864.43,0.00255299
2025-11-17T23:36:29.073501Z,91864.9,0.01088555
2025-11-17T23:36:29.094944Z,91866.11,0.002408
2025-11-17T23:36:29.094944Z,91866.12,1.2e-05
2025-11-17T23:36:29.094944Z,91867.98,0.0013127
2025-11-17T23:36:29.094944Z,91867.99,0.00039738
2025-11-17T23:36:29.880294Z,91867.99,6.876e-05
2025-11-17T23:36:30.373830Z,91867.98,0.01088518
2025-11-17T23:36:30.373830Z,91867.97,0.00408325
2025-11-17T23:36:30.657085Z,91867.98,1.924e-05
2025-11-17T23:36:31.007074Z,91869.98,0.00132
2025-11-17T23:36:31.356521Z,91869.99,7.75e-06
2025-11-17T23:36:31.389847Z,91869.99,0.00030973
2025-11-17T23:36:31.562043Z,91869.99,0.00052892
2025-11-17T23:36:31.642088Z,91869.99,0.005
2025-11-17T23:36:31.726443Z,91869.99,0.00018628
2025-11-17T23:36:31.726443Z,91870.45,0.01088489
2025-11-17T23:36:31.726443Z,91870.5,1.2e-05
2025-11-17T23:36:31.789419Z,91873.21,1.078e-05
2025-11-17T23:36:31.907575Z,91873.21,0.00010508
2025-11-17T23:36:32.160944Z,91873.21,0.00107773
2025-11-17T23:36:32.555394Z,91873.21,0.0002426
2025-11-17T23:36:32.604198Z,91873.2,1.906e-05
2025-11-17T23:36:32.604198Z,91873.2,0.01088456
2025-11-17T23:36:32.604198Z,91873.2,2.9e-05
2025-11-17T23:36:32.604198Z,91872.74,0.00014738
2025-11-17T23:36:33.235375Z,91873.21,0.00026447
2025-11-17T23:36:33.235643Z,91873.21,0.00010507
2025-11-17T23:36:33.265140Z,91873.21,0.00021155
2025-11-17T23:36:33.422054Z,91873.21,7.231e-05
2025-11-17T23:36:33.469109Z,91873.21,0.00010324
2025-11-17T23:36:33.526629Z,91873.21,0.00051621
2025-11-17T23:36:33.582406Z,91873.21,5.388e-05
2025-11-17T23:36:33.802096Z,91873.21,7.75e-06
2025-11-17T23:36:33.826085Z,91873.21,0.00026446
2025-11-17T23:36:33.958903Z,91873.21,0.00981487
2025-11-17T23:36:33.958903Z,91873.21,0.00076364
2025-11-17T23:36:34.343063Z,91873.21,0.00010324
2025-11-17T23:36:34.353698Z,91873.21,0.00016164
2025-11-17T23:36:34.380001Z,91873.21,5.119e-05
2025-11-17T23:36:34.381910Z,91873.21,5.119e-05
2025-11-17T23:36:34.593943Z,91873.21,0.00158685
2025-11-17T23:36:34.874793Z,91873.21,0.00158685
2025-11-17T23:36:34.917662Z,91873.21,5.291e-05
2025-11-17T23:36:35.024355Z,91873.21,0.0021157
2025-11-17T23:36:35.528746Z,91873.21,0.00026943
2025-11-17T23:36:35.806800Z,91873.2,0.01855
2025-11-17T23:36:35.866042Z,91873.2,0.00197887
2025-11-17T23:36:36.220553Z,91873.21,0.00107757
2025-11-17T23:36:36.233478Z,91873.21,5.388e-05
2025-11-17T23:36:37.267012Z,91873.21,0.05082191
2025-11-17T23:36:37.267012Z,91873.21,0.00018626
2025-11-17T23:36:37.271633Z,91873.67,0.01088451
2025-11-17T23:36:37.273016Z,91874.88,1.2e-05
2025-11-17T23:36:37.346276Z,91879.24,0.00054969
2025-11-17T23:36:37.468567Z,91879.26,1.2e-05
2025-11-17T23:36:37.468567Z,91879.72,0.00053212
2025-11-17T23:36:37.480702Z,91879.72,0.01231388
2025-11-17T23:36:37.511781Z,91882.02,0.00108835
2025-11-17T23:36:38.149610Z,91883.64,1.2e-05
2025-11-17T23:36:38.149610Z,91883.99,0.00027364
2025-11-17T23:36:38.810093Z,91883.99,0.00105785
2025-11-17T23:36:38.818853Z,91883.99,0.00067111
2025-11-17T23:36:38.823582Z,91883.99,0.00043045
2025-11-17T23:36:39.024956Z,91883.97,0.00137
2025-11-17T23:36:39.063382Z,91883.97,0.02115691
2025-11-17T23:36:39.248012Z,91883.96,8.185e-05
2025-11-17T23:36:40.759081Z,91883.63,4.57e-06
2025-11-17T23:36:40.759081Z,91883.63,4.57e-06
2025-11-17T23:36:40.759081Z,91880.85,0.10399086
2025-11-17T23:36:40.927037Z,91880.0,0.00211549
2025-11-17T23:36:42.198625Z,91884.0,0.00018626
2025-11-17T23:36:42.198625Z,91884.46,2.877e-05
2025-11-17T23:36:42.637924Z,91886.0,0.00178057
2025-11-17T23:36:42.866286Z,91886.0,0.011
2025-11-17T23:36:43.022061Z,91886.0,5.387e-05
2025-11-17T23:36:43.699498Z,91888.01,0.01088281
2025-11-17T23:36:43.699498Z,91887.99,0.01910519
2025-11-17T23:36:43.699783Z,91887.99,0.00151026
2025-11-17T23:36:43.849475Z,91887.99,0.00137
2025-11-17T23:36:44.242203Z,91885.9,0.00082596
2025-11-17T23:36:44.526957Z,91884.0,0.00264405
2025-11-17T23:36:44.631444Z,91884.0,0.00377772
2025-11-17T23:36:44.843588Z,91884.02,0.00030969
2025-11-17T23:36:44.917598Z,91883.99,5.98e-06
2025-11-17T23:36:44.917598Z,91883.99,5.98e-06
2025-11-17T23:36:44.917598Z,91883.99,0.00048039
2025-11-17T23:36:45.313820Z,91873.99,0.00206484
2025-11-17T23:36:45.706609Z,91873.98,0.00018
2025-11-17T23:36:47.050411Z,91875.98,0.00134
2025-11-17T23:36:47.678041Z,91875.99,0.00018626
2025-11-17T23:36:47.678041Z,91875.99,0.01885039
2025-11-17T23:36:48.301357Z,91875.99,0.0105059
2025-11-17T23:36:48.305007Z,91875.98,0.01088423
2025-11-17T23:36:48.305007Z,91875.97,0.02309635
2025-11-17T23:36:48.305007Z,91875.51,0.01088429
2025-11-17T23:36:48.305007Z,91873.2,0.07947113
2025-11-17T23:36:48.305007Z,91873.2,1.19e-06
2025-11-17T23:36:48.305007Z,91873.2,1.3e-06
2025-11-17T23:36:48.305007Z,91871.55,0.10884761
2025-11-17T23:36:48.305007Z,91870.53,4.57e-06
2025-11-17T23:36:48.305007Z,91869.66,0.0504403
2025-11-17T23:36:48.305007Z,91867.65,0.00130622
2025-11-17T23:36:48.305007Z,91867.64,0.10885225
2025-11-17T23:36:48.305007Z,91866.12,1.2e-05
2025-11-17T23:36:48.305007Z,91864.59,0.03262488
2025-11-17T23:36:48.305007Z,91864.26,0.10912463
2025-11-17T23:36:48.305007Z,91863.74,0.00128706
2025-11-17T23:36:48.305007Z,91863.72,0.10885689
2025-11-17T23:36:48.305007Z,91862.45,0.00257412
2025-11-17T23:36:48.305007Z,91861.74,1.2e-05
2025-11-17T23:36:48.305007Z,91860.9,0.00788
2025-11-17T23:36:48.305007Z,91859.86,0.045
2025-11-17T23:36:48.305007Z,91858.22,0.00514823
2025-11-17T23:36:48.305007Z,91857.98,0.00303764
2025-11-17T23:36:48.305007Z,91857.36,1.2e-05
2025-11-17T23:36:48.305007Z,91853.8,1.633e-05
2025-11-17T23:36:48.305007Z,91853.38,0.08202211
2025-11-17T23:36:48.305007Z,91852.98,1.2e-05
2025-11-17T23:36:48.305007Z,91849.76,0.01029646
2025-11-17T23:36:48.305007Z,91849.3,0.03444587
2025-11-17T23:36:48.305007Z,91849.17,0.1312
2025-11-17T23:36:48.305007Z,91848.6,1.2e-05
2025-11-17T23:36:48.305007Z,91846.55,0.121849
2025-11-17T23:36:48.305007Z,91845.68,0.00682828
2025-11-17T23:36:48.305007Z,91845.25,0.08162763
2025-11-17T23:36:48.305007Z,91844.72,0.09342
2025-11-17T23:36:48.305007Z,91844.42,0.03712616
2025-11-17T23:36:48.305007Z,91844.22,1.2e-05
2025-11-17T23:36:48.305007Z,91841.21,0.01287058
2025-11-17T23:36:48.305007Z,91839.84,1.2e-05
2025-11-17T23:36:48.305007Z,91838.98,0.00217
2025-11-17T23:36:48.305007Z,91838.64,0.08164245
2025-11-17T23:36:48.305007Z,91838.63,0.1312
2025-11-17T23:36:48.305007Z,91836.27,0.65333659
2025-11-17T23:36:48.305007Z,91836.0,2.0
2025-11-17T23:36:48.305007Z,91835.46,1.2e-05
2025-11-17T23:36:48.305007Z,91835.0,1.23782318
2025-11-17T23:36:49.508901Z,91872.46,0.002304
2025-11-17T23:36:49.580257Z,91878.09,0.002304
2025-11-17T23:36:49.580257Z,91878.1,0.004608
2025-11-17T23:36:49.592098Z,91883.64,1.2e-05
2025-11-17T23:36:49.592098Z,91883.99,0.00106556
2025-11-17T23:36:49.984141Z,91883.62,0.00597982
2025-11-17T23:36:50.205682Z,91884.75,4.417e-05
2025-11-17T23:36:50.384301Z,91884.74,2.944e-05
2025-11-17T23:36:50.384301Z,91884.74,0.01088319
2025-11-17T23:36:50.384301Z,91884.74,2.827e-05
2025-11-17T23:36:50.384301Z,91883.81,0.0113989
2025-11-17T23:36:50.384301Z,91883.61,0.01503301
2025-11-17T23:36:50.384301Z,91879.24,0.04095719
2025-11-17T23:36:50.557246Z,91884.75,0.00052865
2025-11-17T23:36:50.712255Z,91884.75,0.00112734
2025-11-17T23:36:52.030124Z,91884.75,3.284e-05
2025-11-17T23:36:52.053346Z,91884.74,1.034e-05
2025-11-17T23:36:53.021503Z,91884.75,0.00992256
2025-11-17T23:36:53.507303Z,91884.75,0.00107754
2025-11-17T23:36:53.595458Z,91884.74,1.74e-06
2025-11-17T23:36:53.595458Z,91884.74,1.74e-06
2025-11-17T23:36:53.595458Z,91884.74,2.857e-05
2025-11-17T23:36:53.595458Z,91884.26,0.01088326
2025-11-17T23:36:53.595458Z,91881.89,0.02309486
2025-11-17T23:36:53.595458Z,91877.54,0.01088405
2025-11-17T23:36:53.595458Z,91877.12,0.08630578
2025-11-17T23:36:53.920792Z,91875.99,0.00025803
2025-11-17T23:36:55.045614Z,91877.98,0.00343766
2025-11-17T23:36:55.332195Z,91877.98,0.00019713
2025-11-17T23:36:55.694457Z,91877.98,0.00075267
2025-11-17T23:36:55.831524Z,91877.98,5.388e-05
2025-11-17T23:36:55.904033Z,91877.98,0.01586406
2025-11-17T23:36:56.789328Z,91877.97,1.52e-06
2025-11-17T23:36:56.789328Z,91877.97,1.52e-06
2025-11-17T23:36:56.789328Z,91877.97,2.719e-05
2025-11-17T23:36:56.789328Z,91877.95,0.00787977
2025-11-17T23:36:57.906829Z,91877.98,7.97e-06
2025-11-17T23:36:57.917575Z,91877.98,5.387e-05
2025-11-17T23:36:57.970785Z,91877.98,0.00272089
2025-11-17T23:36:59.184053Z,91877.98,0.01616168
2025-11-17T23:36:59.184162Z,91877.98,6.089e-05
2025-11-17T23:36:59.883763Z,91877.98,0.00010839
2025-11-17T23:36:59.980016Z,91877.97,3.238e-05
2025-11-17T23:36:59.980016Z,91877.95,0.00129762
2025-11-17T23:37:00.072129Z,91877.96,0.00103657
2025-11-17T23:37:00.692849Z,91877.98,0.00018627
2025-11-17T23:37:00.692849Z,91877.98,2.338e-05
2025-11-17T23:37:00.844171Z,91883.83,0.0053877
2025-11-17T23:37:01.216430Z,91883.83,0.00216815
2025-11-17T23:37:02.331544Z,91883.82,1.52e-06
2025-11-17T23:37:02.331544Z,91883.82,1.52e-06
2025-11-17T23:37:02.332358Z,91881.61,3.034e-05
2025-11-17T23:37:02.606579Z,91874.88,1.2e-05
2025-11-17T23:37:02.606579Z,91874.88,3.034e-05
2025-11-17T23:37:02.874418Z,91872.46,0.00092476
2025-11-17T23:37:03.180085Z,91872.45,1.393e-05
2025-11-17T23:37:03.180085Z,91872.45,3.039e-05
2025-11-17T23:37:03.180085Z,91870.5,1.2e-05
2025-11-17T23:37:03.180085Z,91866.12,1.2e-05
2025-11-17T23:37:03.180085Z,91863.35,4.052e-05
2025-11-17T23:37:03.646557Z,91861.99,3.042e-05
2025-11-17T23:37:03.646557Z,91861.74,1.2e-05
2025-11-17T23:37:04.216027Z,91857.37,0.00211538
2025-11-17T23:37:04.597795Z,91858.7,0.002304
2025-11-17T23:37:04.729330Z,91864.2,0.004608
2025-11-17T23:37:04.814020Z,91865.66,0.00139
2025-11-17T23:37:04.949287Z,91865.68,2.3e-05
2025-11-17T23:37:04.949287Z,91865.66,0.00019468
2025-11-17T23:37:05.099219Z,91860.0,0.0208
2025-11-17T23:37:05.099219Z,91860.0,0.0025368
2025-11-17T23:37:05.099219Z,91861.99,0.00310371
2025-11-17T23:37:05.212701Z,91861.99,0.002884
2025-11-17T23:37:05.235874Z,91863.98,2.29e-05
2025-11-17T23:37:05.235874Z,91862.89,0.00023825
2025-11-17T23:37:05.274572Z,91865.68,0.0025396
2025-11-17T23:37:05.274572Z,91865.69,0.012842
2025-11-17T23:37:05.291690Z,91867.96,0.00025807
2025-11-17T23:37:05.403778Z,91867.95,1.56e-05
2025-11-17T23:37:05.547185Z,91867.95,1.551e-05
2025-11-17T23:37:05.816637Z,91857.37,0.00064651
2025-11-17T23:37:05.875480Z,91857.37,0.00011969
2025-11-17T23:37:06.012182Z,91857.36,1.2e-05
2025-11-17T23:37:06.012182Z,91857.36,1.382e-05
2025-11-17T23:37:06.012182Z,91857.36,1.52e-06
2025-11-17T23:37:06.012182Z,91857.36,1.52e-06
2025-11-17T23:37:06.073053Z,91852.98,1.2e-05
2025-11-17T23:37:06.076311Z,91850.8,0.00124819
2025-11-17T23:37:06.121758Z,91848.61,0.00010764
2025-11-17T23:37:06.159435Z,91848.61,0.0002
2025-11-17T23:37:06.344160Z,91848.61,3.2e-07
2025-11-17T23:37:06.386856Z,91848.61,5.388e-05
2025-11-17T23:37:06.773191Z,91848.6,1.2e-05
2025-11-17T23:37:06.773191Z,91848.6,3.7e-06
2025-11-17T23:37:06.778482Z,91844.22,1.2e-05
2025-11-17T23:37:06.817683Z,91840.43,0.00227067
2025-11-17T23:37:07.075487Z,91839.84,1.2e-05
2025-11-17T23:37:07.190237Z,91835.47,0.00107758
2025-11-17T23:37:07.315771Z,91835.47,0.00016163
2025-11-17T23:37:07.449836Z,91835.47,0.00067065
2025-11-17T23:37:07.602189Z,91835.46,1.2e-05
2025-11-17T23:37:07.602189Z,91835.46,1.473e-05
2025-11-17T23:37:07.719980Z,91832.69,0.00108785
2025-11-17T23:37:07.719980Z,91832.69,1.515e-05
2025-11-17T23:37:07.720505Z,91831.08,1.2e-05
2025-11-17T23:37:07.725107Z,91826.7,1.2e-05
2025-11-17T23:37:07.727613Z,91832.69,1.515e-05
2025-11-17T23:37:07.802078Z,91822.33,0.00105775
2025-11-17T23:37:08.021312Z,91823.99,1.515e-05
2025-11-17T23:37:08.021312Z,91823.61,0.01380836
2025-11-17T23:37:08.047218Z,91823.99,1.531e-05
2025-11-17T23:37:08.047218Z,91822.32,1.2e-05
2025-11-17T23:37:08.047218Z,91817.94,1.2e-05
2025-11-17T23:37:08.047218Z,91816.93,0.00113368
2025-11-17T23:37:08.047218Z,91814.0,3.247e-05
2025-11-17T23:37:08.047218Z,91813.77,0.02192454
2025-11-17T23:37:08.558839Z,91818.8,0.00217
2025-11-17T23:37:08.558839Z,91820.0,0.0208
2025-11-17T23:37:08.558839Z,91822.0,0.0208
2025-11-17T23:37:08.558839Z,91824.0,0.00931799
2025-11-17T23:37:09.502945Z,91824.0,0.00026936
2025-11-17T23:37:09.594077Z,91827.22,1.52e-06
2025-11-17T23:37:09.988492Z,91827.33,0.00010683
2025-11-17T23:37:11.012455Z,91827.32,0.01099515
2025-11-17T23:37:11.013704Z,91827.35,0.00813801
2025-11-17T23:37:11.454854Z,91832.69,4.434e-05
2025-11-17T23:37:11.509439Z,91832.67,0.0109
2025-11-17T23:37:12.051037Z,91832.68,3.374e-05
2025-11-17T23:37:12.051037Z,91832.67,0.00238544
2025-11-17T23:37:12.260241Z,91832.7,0.00018627
2025-11-17T23:37:12.260241Z,91832.7,0.00035166
2025-11-17T23:37:12.573726Z,91833.09,0.00019883
2025-11-17T23:37:12.734539Z,91833.08,0.02310714
2025-11-17T23:37:12.734539Z,91832.68,5.44e-06
2025-11-17T23:37:12.734539Z,91829.24,0.10889776
2025-11-17T23:37:12.734539Z,91827.32,1.52e-06
2025-11-17T23:37:12.734539Z,91827.32,1.52e-06
2025-11-17T23:37:12.734539Z,91826.0,0.0208
2025-11-17T23:37:12.734539Z,91824.01,0.00130684
2025-11-17T23:37:12.734539Z,91824.0,0.0208
2025-11-17T23:37:12.734539Z,91822.32,1.2e-05
2025-11-17T23:37:12.734539Z,91822.09,0.10890624
2025-11-17T23:37:12.734539Z,91822.0,0.0208
2025-11-17T23:37:12.734539Z,91820.09,0.10890861
2025-11-17T23:37:12.734539Z,91820.0,0.0208
2025-11-17T23:37:12.734539Z,91818.0,0.0208
2025-11-17T23:37:12.734539Z,91817.94,1.2e-05
2025-11-17T23:37:12.734539Z,91816.38,0.1312
2025-11-17T23:37:12.734539Z,91816.0,0.0208
2025-11-17T23:37:12.734539Z,91813.67,0.00109932
2025-11-17T23:37:12.734539Z,91813.56,1.2e-05
2025-11-17T23:37:12.734539Z,91812.93,0.05063645
2025-11-17T23:37:12.734539Z,91811.99,0.00016648
2025-11-17T23:37:12.734539Z,91810.94,0.0208
2025-11-17T23:37:12.734539Z,91809.18,1.2e-05
2025-11-17T23:37:12.734539Z,91806.85,0.001715
2025-11-17T23:37:12.734539Z,91806.13,0.1312
2025-11-17T23:37:12.734539Z,91805.99,0.00215236
2025-11-17T23:37:12.734539Z,91805.58,0.045
2025-11-17T23:37:12.734539Z,91804.8,1.2e-05
2025-11-17T23:37:12.734539Z,91803.82,0.09342
2025-11-17T23:37:12.734539Z,91801.95,0.05215823
2025-11-17T23:37:12.734539Z,91800.42,1.2e-05
2025-11-17T23:37:12.734539Z,91800.0,0.0021623
2025-11-17T23:37:12.734539Z,91798.68,1.633e-05
2025-11-17T23:37:12.734539Z,91798.0,0.08513683
2025-11-17T23:37:12.743362Z,91820.13,0.00162734
2025-11-17T23:37:13.106210Z,91823.38,0.00921
2025-11-17T23:37:13.106210Z,91818.78,0.01181917
2025-11-17T23:37:13.106210Z,91818.74,0.00217
2025-11-17T23:37:13.106210Z,91818.02,0.02268164
2025-11-17T23:37:13.106210Z,91813.71,0.03841255
2025-11-17T23:37:13.106210Z,91813.64,0.002355
2025-11-17T23:37:13.106210Z,91813.56,1.2e-05
2025-11-17T23:37:13.106210Z,91810.28,0.02192273
2025-11-17T23:37:13.106210Z,91806.17,0.00041691
2025-11-17T23:37:13.283024Z,91834.66,0.00543095
2025-11-17T23:37:13.382341Z,91835.57,0.00269511
2025-11-17T23:37:13.382341Z,91835.7,0.00202134
2025-11-17T23:37:13.382341Z,91837.96,0.00057292
2025-11-17T23:37:13.645804Z,91835.99,0.00196001
2025-11-17T23:37:13.645804Z,91838.0,0.0001562
2025-11-17T23:37:13.715893Z,91838.73,0.00529156
2025-11-17T23:37:13.795808Z,91839.84,1.2e-05
2025-11-17T23:37:13.795808Z,91840.45,0.01088845
2025-11-17T23:37:13.825550Z,91835.87,0.01900115
2025-11-17T23:37:13.825550Z,91836.0,0.00179885
2025-11-17T23:37:13.825772Z,91836.0,0.01900115
2025-11-17T23:37:13.826191Z,91835.99,0.01413685
2025-11-17T23:37:13.830117Z,91835.86,0.00179884
2025-11-17T23:37:13.831144Z,91834.0,0.00179884
2025-11-17T23:37:13.834423Z,91834.0,0.01233801
2025-11-17T23:37:13.834424Z,91834.0,0.00666315
2025-11-17T23:37:13.836974Z,91833.99,0.01413685
2025-11-17T23:37:13.840585Z,91835.99,0.01413685
2025-11-17T23:37:13.844123Z,91837.99,0.00701139
2025-11-17T23:37:13.845181Z,91837.99,0.00712543
2025-11-17T23:37:13.845181Z,91838.0,0.01367457
2025-11-17T23:37:13.845912Z,91838.0,0.00712543
2025-11-17T23:37:13.849728Z,91837.99,0.01413683
2025-11-17T23:37:13.888615Z,91839.99,0.00810429
2025-11-17T23:37:13.891268Z,91839.99,0.00603254
2025-11-17T23:37:13.891268Z,91840.0,0.01018639
2025-11-17T23:37:13.895271Z,91840.0,0.00125552
2025-11-17T23:37:13.897414Z,91839.99,0.01061361
2025-11-17T23:37:13.897741Z,91839.99,0.00352321
2025-11-17T23:37:13.897741Z,91840.0,0.0070904
2025-11-17T23:37:13.898882Z,91840.0,0.00226769
2025-11-17T23:37:13.899902Z,91838.0,0.00935809
2025-11-17T23:37:13.900949Z,91838.0,0.00606919
2025-11-17T23:37:13.901055Z,91838.0,0.00111889
2025-11-17T23:37:13.901055Z,91838.0,0.00325383
2025-11-17T23:37:13.906829Z,91839.99,0.01071782
2025-11-17T23:37:13.906931Z,91839.99,0.00341899
2025-11-17T23:37:13.934838Z,91840.44,0.01413681
2025-11-17T23:37:13.949249Z,91841.99,0.00373399
2025-11-17T23:37:13.949868Z,91841.99,0.01040282
2025-11-17T23:37:13.963280Z,91842.0,0.0198
2025-11-17T23:37:13.971918Z,91843.99,0.00065137
2025-11-17T23:37:13.972275Z,91843.99,0.01348544
2025-11-17T23:37:13.972275Z,91844.22,1.2e-05
2025-11-17T23:37:14.709372Z,91848.5,0.0524428
2025-11-17T23:37:14.709372Z,91848.5,0.01088749
2025-11-17T23:37:14.709372Z,91848.04,0.01088755
2025-11-17T23:37:14.709372Z,91848.0,0.0198
2025-11-17T23:37:14.709372Z,91846.0,0.01498216
2025-11-17T23:37:14.732454Z,91848.51,0.00264595
2025-11-17T23:37:15.675705Z,91848.59,0.02388992
2025-11-17T23:37:16.037114Z,91848.59,0.00105769
2025-11-17T23:37:16.134013Z,91848.59,0.00083846
2025-11-17T23:37:16.319797Z,91848.58,1.41e-06
2025-11-17T23:37:16.319797Z,91848.58,1.41e-06
2025-11-17T23:37:16.319797Z,91848.41,0.01048856
2025-11-17T23:37:16.319797Z,91848.04,0.01088755
2025-11-17T23:37:16.319797Z,91842.46,0.0108882
2025-11-17T23:37:16.319797Z,91842.0,0.0198
2025-11-17T23:37:16.319797Z,91840.03,0.02408287
2025-11-17T23:37:16.357940Z,91841.99,0.00065304
2025-11-17T23:37:16.357940Z,91841.99,0.00581318
2025-11-17T23:37:16.413408Z,91838.0,0.01078126
2025-11-17T23:37:17.703371Z,91842.0,0.00032664
2025-11-17T23:37:17.907445Z,91836.05,0.10874436
2025-11-17T23:37:17.907445Z,91836.05,0.00025564
2025-11-17T23:37:18.126025Z,91838.0,0.01002594
2025-11-17T23:37:18.919626Z,91840.84,3.287e-05
2025-11-17T23:37:18.919626Z,91840.84,7.71e-05
2025-11-17T23:37:19.264322Z,91836.07,0.00933006
2025-11-17T23:37:19.358250Z,91836.07,0.00107757
2025-11-17T23:37:19.382633Z,91836.06,3.288e-05
2025-11-17T23:37:19.382633Z,91836.05,4.68e-06
2025-11-17T23:37:19.382633Z,91836.05,0.05
2025-11-17T23:37:19.396683Z,91835.47,5.4e-07
2025-11-17T23:37:19.438713Z,91835.47,1e-07
2025-11-17T23:37:19.528826Z,91835.46,1.2e-05
2025-11-17T23:37:19.528826Z,91835.46,3.288e-05
2025-11-17T23:37:19.528826Z,91831.08,1.2e-05
2025-11-17T23:37:19.528826Z,91826.7,1.2e-05
2025-11-17T23:37:19.528826Z,91823.91,0.01848112
2025-11-17T23:37:19.780804Z,91824.0,0.01019853
2025-11-17T23:37:20.057977Z,91824.0,0.00539004
2025-11-17T23:37:20.488964Z,91824.0,8.2e-07
2025-11-17T23:37:20.617142Z,91824.0,5.249e-05
2025-11-17T23:37:21.125455Z,91833.99,0.00138
2025-11-17T23:37:21.352343Z,91834.0,0.00327983
2025-11-17T23:37:21.435306Z,91834.0,0.00103288
2025-11-17T23:37:21.540796Z,91834.0,0.00020655
2025-11-17T23:37:21.693097Z,91833.99,1.52e-06
2025-11-17T23:37:21.693097Z,91833.99,1.52e-06
2025-11-17T23:37:21.693097Z,91829.84,3.162e-05
2025-11-17T23:37:21.693097Z,91829.83,7.121e-05
2025-11-17T23:37:22.260485Z,91835.46,1.088e-05
2025-11-17T23:37:22.288749Z,91835.46,1e-07
2025-11-17T23:37:22.604813Z,91835.46,1.02e-06
2025-11-17T23:37:22.604813Z,91839.84,1.2e-05
2025-11-17T23:37:22.604813Z,91839.84,3.818e-05
2025-11-17T23:37:22.713735Z,91839.83,3.214e-05
2025-11-17T23:37:22.713735Z,91839.83,0.01088852
2025-11-17T23:37:22.713735Z,91839.81,0.00936934
2025-11-17T23:37:23.153858Z,91839.83,3.214e-05
2025-11-17T23:37:23.153858Z,91835.45,4.57e-06
2025-11-17T23:37:23.153858Z,91835.2,0.0231066
2025-11-17T23:37:23.153858Z,91829.87,0.00456354
2025-11-17T23:37:23.217138Z,91838.0,0.00052908
2025-11-17T23:37:23.487155Z,91839.58,2.945e-05
2025-11-17T23:37:23.487155Z,91839.56,0.00989943
2025-11-17T23:37:23.617319Z,91843.97,0.0231044
2025-11-17T23:37:24.119329Z,91840.34,0.00317445
2025-11-17T23:37:24.144356Z,91840.34,0.00051638
2025-11-17T23:37:24.308715Z,91840.33,2.945e-05
2025-11-17T23:37:24.308715Z,91834.76,0.01088912
2025-11-17T23:37:24.308715Z,91833.06,0.02175143
2025-11-17T23:37:24.756927Z,91840.34,0.00010326
2025-11-17T23:37:24.780235Z,91840.33,3.148e-05
2025-11-17T23:37:24.780235Z,91840.31,7.74e-05
2025-11-17T23:37:24.810652Z,91840.34,0.00084667
2025-11-17T23:37:24.862056Z,91840.34,0.0063487
2025-11-17T23:37:25.345636Z,91840.34,1e-07
2025-11-17T23:37:25.518240Z,91840.34,0.00051633
2025-11-17T23:37:25.954533Z,91840.33,3.02e-05
2025-11-17T23:37:25.954533Z,91840.31,0.0013398
2025-11-17T23:37:26.879527Z,91840.34,0.00158554
2025-11-17T23:37:26.910987Z,91840.34,0.02153089
2025-11-17T23:37:27.556049Z,91840.33,3.196e-05
2025-11-17T23:37:27.556049Z,91840.33,4.57e-06
2025-11-17T23:37:27.556049Z,91840.31,1.52e-06
2025-11-17T23:37:27.556049Z,91840.31,1.52e-06
2025-11-17T23:37:27.556421Z,91838.99,0.01088862
2025-11-17T23:37:27.567970Z,91831.08,1.2e-05
2025-11-17T23:37:27.567970Z,91826.7,1.2e-05
2025-11-17T23:37:27.567970Z,91822.32,1.2e-05
2025-11-17T23:37:27.567970Z,91821.22,0.001334
2025-11-17T23:37:28.352758Z,91824.0,0.0021563
2025-11-17T23:37:29.109156Z,91823.99,2.22e-05
2025-11-17T23:37:29.109156Z,91822.32,1.2e-05
2025-11-17T23:37:29.109156Z,91820.23,0.00014176
2025-11-17T23:37:29.130565Z,91824.0,0.0023688
2025-11-17T23:37:29.130565Z,91824.0,0.02997075
2025-11-17T23:37:29.454857Z,91823.99,3.219e-05
2025-11-17T23:37:29.454857Z,91820.03,0.03264234
2025-11-17T23:37:29.454857Z,91819.82,0.01089089
2025-11-17T23:37:29.454857Z,91818.0,0.0279
2025-11-17T23:37:29.454857Z,91817.94,1.2e-05
2025-11-17T23:37:29.454857Z,91815.88,0.00685258
2025-11-17T23:37:29.806051Z,91818.0,0.00216897
2025-11-17T23:37:30.036909Z,91818.0,0.00052907
2025-11-17T23:37:30.213561Z,91817.99,3.076e-05
2025-11-17T23:37:30.213561Z,91817.99,0.00079314
2025-11-17T23:37:30.246135Z,91818.0,5.436e-05
2025-11-17T23:37:30.246135Z,91818.0,0.00046567
2025-11-17T23:37:30.246135Z,91822.0,1.895e-05
2025-11-17T23:37:30.306688Z,91823.98,3.09e-05
2025-11-17T23:37:30.306688Z,91823.97,0.00289372
